3340 5358
657 1194 780 1288 Vita.

668 1395 773 1402 —-.--—

220 1495 326 1562 Natus
350 1517 420 1563 sum
441 1495 658 1564 Guilelmus
681 1497 804 1564 Basse
828 1496 932 1581 pridie
948 1496 998 1564 Id.
1014 1495 1111 1562 Mart.
1129 1494 1205 1559 anni
1222 1496 1308 1557 1879

126 1604 164 1668 in
181 1602 311 1687 oppido,
335 1606 388 1669 cui
411 1623 527 1670 nomen
552 1612 601 1669 est
617 1603 716 1687 Burg‚
740 1613 842 1687 patre,
868 1625 964 1687 quem
979 1605 1088 1687 priore
1104 1622 1189 1667 anno
1205 1607 1308 1664 morte

126 1709 211 1775 mihi
226 1719 372 1795 ereptum
388 1731 458 1776 esse
475 1710 580 1794 doleo,
596 1711 748 1796 Ernesto,
764 1705 869 1777 matre
885 1710 994 1776 Maria
1008 1715 1133 1794 egente
1146 1707 1310 1773 Delorme.

128 1815 249 1882 Fidem
271 1816 426 1902 profiteor
449 1817 678 1901 evangelicam.

220 1923 339 1990 Primis
370 1924 553 1991 litterarum
579 1925 746 1992 elementis
778 1925 921 1992 imbutus
944 1924 1021 2001 inde
1045 1921 1086 1989 ab
1111 1944 1196 1989 anno
1223 1925 1308 1987 1888

128 2033 333 2116 gymnasium
371 2031 539 2116 Burgenae
576 2033 780 2117 frequentavi
819 2041 851 2098 ot
889 2033 1084 2098 maturitatis
1123 2029 1309 2097 testimonio

127 2138 306 2204 instructus
340 2141 471 2204 ineunte
502 2160 578 2206 vera
612 2143 688 2205 enni
718 2143 804 2204 1898
835 2142 870 2206 in
905 2138 1051 2205 ordinem
1086 2141 1203 2203 civium
1235 2157 1309 2202 aca-

130 2243 331 2311 demicorum
355 2247 573 2312 universitatis
589 2246 832 2332 Marpurgensis
855 2250 1005 2330 receptus
1022 2267 1102 2328 sum,
1127 2254 1164 2310 ut
1178 2243 1228 2310 bis
1253 2265 1309 2309 sex

130 2371 258 2417 mensos
297 2353 413 2419 studiis
451 2353 658 2438 philologieis
697 2354 928 2436 incumberem‚
969 2354 1143 2437 praecipuo
1180 2352 1310 2436 linguae

128 2457 280 2541 Latinae,
320 2457 480 2542 Graecae,
519 2459 744 2527 Germanicae.
805 2461 888 2527 Tum
926 2461 1062 2544 migravi
1099 2459 1214 2540 Helas,
1253 2457 1310 2523 ubi

131 2567 303 2650 quinquies
326 2588 383 2633 sex
405 2587 532 2632 menses
556 2567 672 2634 studiis
696 2567 901 2634 absolvendis
926 2588 1058 2652 operam
1083 2566 1167 2633 dedi.
1276 2635 1279 2644 ,

221 2673 413 2739 Docuerunt
436 2695 487 2740 me
503 2677 564 2740 viri
585 2676 763 2741 doctissimi
778 2676 1042 2760 Marpurgenses:
1067 2675 1150 2757 Birt,
1174 2673 1310 2754 Brundi,

130 2779 230 2862 Justi,
262 2779 416 2864 Koester,
448 2781 566 2866 Maass,
601 2781 711 2865 Niese,
743 2780 939 2865 Oldonberg,
972 2781 1149 2863 Schrdder,
1185 2779 1309 2861 Thielo,

130 2884 277 2967 hanah
319 2886 497 2954 Halenser:
537 2887 642 2972 Elaos,
682 2889 826 2973 Bremer‚
864 2888 1029 2972 Burdaoh,
1067 2887 1309 2971 Dittenbergor‚
1374 2935 1376 2942 .

131 2992 242 3077 Haym
258 2991 293 3083 †,
317 2992 600 3078 Maurenhreoher‚
624 2994 714 3062 John
731 2996 844 3079 Maior,
865 2995 1000 3078 Robert,
1023 2993 1138 3078 Saran,
1161 2993 1309 3077 Strauch,

134 3097 277 3185 Uphues,
301 3100 472 3167 Wissowa.

222 3205 346 3291 Quibus
370 3206 519 3275 omnibus
535 3210 612 3276 viria
629 3209 822 3277 doctissimis
839 3209 1024 3295 optimeque
1041 3209 1081 3275 de
1105 3231 1156 3275 me
1176 3209 1310 3291 meritis,

132 3315 279 3398 inprimis
295 3316 459 3400 magistris
478 3318 732 3384 veneratissimis
747 3317 824 3382 Birt
847 3326 880 3382 et
895 3317 1065 3399 Wissowa‚
1091 3337 1154 3400 quo
1179 3335 1310 3382 suasore

133 3427 167 3487 et
199 3419 281 3487 duco
313 3421 398 3489 hanc
429 3427 595 3508 composui
628 3427 942 3507 commentationem,
967 3427 1089 3507 gratias
1120 3443 1182 3508 ago
1213 3443 1308 3506 qnam

133 3549 301 3596 mammas.
