3340 5358
789 521 1079 610 .-12-

597 695 622 754 ὼ
646 690 727 756 κακὰ
748 695 866 776 θνητῶν
889 692 1029 778 στυγεροί
1050 716 1084 756 τε
1106 693 1196 755 νόσοι.

596 799 624 862 τί
647 799 676 862 ο)
700 799 760 882 ἐγὼ
784 797 900 884 δράσω
925 799 954 862 τί
976 796 1011 861 δὲ
1034 798 1076 883 μὴ
1100 797 1215 883 θράσος

594 907 665 969 τόδε
689 931 736 969 σοι
758 906 877 992 φέγγος,
902 904 1036 991 λαμπρὸς
1059 906 1105 967 ὅδ’
1121 905 1221 989 αἰθήρ·

498 1079 501 1086 ,
596 1011 653 1084 ἔξω
677 1011 712 1076 δὲ
735 1014 836 1096 δόμων
859 1013 919 1095 ἤδη
943 1017 1067 1097 νοσερᾶς

597 1119 703 1202 δέμνια
724 1119 836 1203 κοίτης.

596 1228 685 1311 δεῦρο
709 1223 765 1311 γὰρ
790 1227 888 1289 ἐλθεῖν
910 1231 969 1289 πᾶν
993 1224 1063 1296 ἔπος
1085 1226 1122 1309 ἦν
1146 1249 1202 1288 σοι·

595 1331 676 1418 τάχα
699 1334 726 1394 δ’
750 1333 792 1402 εἰς
814 1331 971 1416 θαλάμους
995 1331 1131 1403 σπεύσεις
1152 1330 1187 1394 τὸ
1209 1329 1306 1394 πόλιν·

473 1473 579 1558 Quem
613 1476 647 1539 in
682 1477 818 1541 classem
854 1475 1041 1540 referendos
1075 1484 1154 1558 pute
1189 1477 1288 1539 etiam
1322 1475 1411 1538 Eccl.
1445 1496 1558 1538 versus

383 1585 552 1646 893-99:
1027 1580 1030 1586 ¹

596 1683 636 1751 Εἴ
656 1713 700 1758 τις
724 1686 838 1772 ἀγαθὸν
862 1687 1000 1774 βούλεται
1021 1711 1081 1750 πα·
1159 1721 1162 1725 ·

596 1795 660 1858 θεῖν
682 1819 718 1873 τι,
743 1791 807 1880 παρ’
831 1791 898 1877 ἐμοὶ
920 1793 980 1880 χρὴ
1003 1793 1171 1856 καθεύθειν.

596 1902 631 1962 οὐ
654 1898 710 1985 γὰρ
734 1902 765 1962 ἐν
788 1901 869 1971 νέαις
890 1899 925 1963 τὸ
950 1899 1043 1986 σοφὸν
1066 1899 1116 1962 ἔν·
1163 1986 1168 1992 ¹

596 2031 682 2085 εστιν,
709 2008 773 2070 ἀλλ’
797 2009 828 2068 ἐν
850 2009 915 2077 ταῖς
937 2006 1098 2090 πεπείραις.

596 2114 668 2176 οὐδέ
690 2137 733 2184 τις
758 2114 887 2198 στέργειν
911 2113 947 2175 ἂν
971 2113 1072 2174 ἐθέλοι

596 2223 708 2304 μᾶλλον
730 2224 751 2302 ἢ
770 2216 830 2303 ’γὼ
853 2227 913 2281 τῶν
936 2219 1030 2304 φίλων
1053 2209 1098 2305 ᾧ-

594 2350 649 2412 περ
674 2325 795 2410 ξυνείην,

596 2434 662 2496 ἀλλ’
686 2433 735 2519 ἐφ’
760 2433 861 2517 ἕτερον
885 2431 921 2494 ἂν
943 2432 1071 2496 πέτοιτο.

383 2581 518 2642 querum
543 2557 741 2640 aptioribus
760 2558 822 2621 hoc
843 2557 1014 2622 discrimen
1041 2564 1100 2639 est,
1125 2557 1212 2640 quod
1236 2568 1270 2622 et
1292 2560 1410 2639 singuli
1429 2558 1559 2622 dimetri

347 2685 352 2694 ’
381 2671 415 2731 in
439 2665 553 2730 mediis
570 2665 733 2729 vocabulis
749 2663 904 2728 finiuntut
923 2674 956 2729 et
969 2667 1102 2729 ultimus
1119 2662 1253 2727 dimeter
1268 2684 1330 2726 non
1348 2663 1559 2728 catalecticus

384 2785 442 2854 eet,
467 2772 524 2837 sed
547 2773 670 2856 plenus,

470 2915 575 2980 Perre
607 2915 672 2979 alic
700 2923 774 2977 sunt
797 2919 973 2996 systemata
995 2911 1162 2976 trochaice
1186 2911 1280 2993 quasi
1302 2909 1486 2976 edulten'ne.
1509 2934 1557 2992 eo,

383 3021 473 3104 quod
497 3022 625 3104 saepius
655 3020 734 3084 bine
764 3030 821 3085 eut
851 3020 934 3085 edeo
966 3028 1061 3084 terna
1088 3020 1160 3083 cole
1185 3020 1367 3102 systematis
1390 3040 1491 3100 usque
1515 3019 1558 3082 ed

383 3129 543 3193 eetelexin
565 3129 783 3212 percurrentis
807 3135 864 3192 aut
885 3126 1051 3192 vocabulis
1073 3129 1107 3190 in
1130 3125 1194 3190 fine
1219 3127 1364 3190 celorum
1387 3125 1557 3208 discerptis

382 3244 440 3300 sut
470 3243 542 3300 erte.
571 3237 803 3300 sententiarum
826 3255 981 3315 compage
1011 3237 1095 3296 inter
1125 3253 1159 3294 se
1190 3232 1364 3295 coniuncte
1392 3234 1427 3294 in
1450 3252 1557 3295 versus

382 3340 513 3406 medum
548 3340 872 3424 comprehenduntur.
930 3337 1031 3401 Cuius
1069 3339 1118 3401 rei
1156 3339 1304 3420 exempla
1341 3350 1415 3401 sunt
1449 3359 1557 3402 versus
1606 3409 1609 3414 ,

382 3447 550 3531 Aristoph.
596 3447 680 3528 Equ.
704 3448 872 3512 ece-90:

597 3569 662 3631 ἀλλ’
688 3568 768 3637 ὅπως
791 3567 913 3650 ἀγωνιεῖ
936 3566 1028 3652 φρόν-

808 3676 871 3743 τιζε
893 3672 1043 3736 τάπίλοιπ’
1068 3671 1182 3759 ἄριστα·

597 3779 774 3866 συμμάχους
798 3780 826 3842 δ’
842 3782 923 3864 ἡμᾶς
947 3779 1027 3867 ἔχων
1051 3779 1103 3844 εὔ-

810 3912 879 3958 νους
904 3887 1059 3950 ἐπίστασαι
1080 3885 1182 3950 πάλαι.

472 3995 554 4062 Rau.
581 3999 746 4058 1106-8:

596 4099 716 4183 λέγετον
740 4099 837 4164 ἔπιτον
862 4097 919 4164 ἀνὰ
943 4101 971 4163 δ’
988 4100 1112 4186 ἔρεσθον

809 4207 846 4270 τά
869 4232 903 4272 τε
924 4203 1037 4274 παλαιὰ
1060 4207 1109 4271 καὶ
1132 4205 1170 4272 τὰ
1192 4207 1287 4280 καινά,

597 4314 879 4378 κάποκινδυνεύετον
901 4318 975 4379 λεπ-

809 4422 860 4485 τόν
882 4445 911 4485 τι
933 4420 983 4486 καὶ
1006 4421 1099 4508 σοφὸν
1122 4421 1227 4504 λέγειν.
