3340 5358
608 531 826 590 ..27-

591 709 641 768 18.
665 703 747 770 Hec.
772 708 847 769 cla.

128 811 225 875 iamb.
250 817 312 876 oct.
365 809 492 894 aspero
515 815 684 876 mecastor.
715 791 754 876 dl
778 832 854 894 ergo
877 812 963 877 intro
987 821 1020 876 ct
1043 817 1199 898 compdne
1223 833 1307 896 quae

452 921 560 982 tecum
584 919 679 982 simul

128 1023 225 1090 iamb.
250 1026 333 1088 trinu
365 1023 539 1088 Ferantur:
564 1024 639 1089 dixi.
663 1024 741 1090 alta
763 1029 802 1090 tt
823 1025 915 1090 iubes
940 1025 1069 1092 faciam.
1115 1026 1247 1093 tPater.

130 1127 230 1196 troch'.
255 1139 317 1196 oct.
364 1129 476 1215 8de
486 1134 544 1213 vis,
556 1129 877 1214 Pamphilclfflinc
887 1132 976 1198 abire
987 1131 1145 1198 matrem?
1158 1135 1307 1200 minume.

451 1235 561 1321 2de
585 1240 632 1302 ito
654 1243 689 1303 tu
711 1236 818 1304 istuc?

591 1347 642 1409 19.
666 1344 750 1414 Hec.
775 1349 849 1409 590.

129 1453 232 1518 trech.
258 1461 321 1516 oct.
368 1450 464 1536 Qudd
499 1455 526 1516 si
557 1452 703 1517 rescierit
733 1453 898 1535 peperisse
930 1474 1012 1534 eum,
1047 1453 1082 1516 id
1113 1476 1178 1536 qua
1204 1474 1309 1520 causa

452 1560 534 1624 clam
556 1580 608 1623 me
631 1558 784 1624 habuisse

129 1666 233 1732 troch.
259 1665 333 1730 dim.
372 1666 501 1746 Dicam,
526 1687 592 1730 non
615 1665 729 1749 edepol
753 1668 830 1730 scio.

130 1772 227 1840 iamb.
253 1779 316 1840 oct.
371 1771 436 1838 Sed
461 1775 579 1838 datium
603 1775 798 1855 concrepuit.
815 1772 914 1838 credo
938 1775 1044 1857 ipsum
1067 1776 1154 1838 exire
1175 1774 1218 1840 ad
1241 1797 1306 1842 me:

450 1880 541 1944 nulla
564 1900 643 1943 sum.

219 1987 330 2052 Etiam
345 1986 398 2051 hic
415 1985 610 2052 Conradtius
627 1986 671 2072 (p.
687 1987 764 2070 181)
782 1985 930 2052 codicum
946 1988 1088 2070 neglexit
1103 1989 1306 2072 scripturam,

130 2104 168 2160 ut
188 2097 258 2178 ipse
282 2093 460 2175 confitetur,
487 2095 576 2158 nulla
603 2095 668 2158 clia
692 2094 807 2158 ductus
835 2096 961 2158 ratione
985 2095 1048 2158 nisi
1071 2100 1108 2159 ut
1135 2096 1308 2160 lectionem

131 2200 285 2266 traditam
309 2202 377 2284 legi
397 2200 438 2266 ab
461 2203 532 2284 ipsc
562 2203 755 2266 constitutae
778 2221 894 2285 parere
923 2207 1027 2283 coget.
1073 2201 1115 2265 In
1138 2202 1251 2267 codice
1274 2202 1308 2265 A

132 2310 217 2372 enim
240 2329 350 2372 versus
376 2312 439 2372 520
464 2317 568 2371 exstat
591 2307 775 2372 trochaicus
795 2307 933 2371 dimeter
956 2308 1174 2388 catalecticus,
1198 2327 1309 2374 versus

133 2417 196 2479 591
221 2413 378 2479 iambicus
401 2415 596 2479 octonarius.
642 2411 847 2497 Quamquam
868 2435 944 2479 vero
968 2414 1072 2478 codex
1094 2414 1124 2479 P
1147 2416 1309 2480 clausulae

133 2518 232 2585 verba
254 2521 365 2593 dicam,
389 2543 448 2582 acu
469 2519 574 2605 edepol
587 2520 792 2584 antecedenti
808 2522 914 2584 versui
930 2519 1052 2602 tribuit,
1076 2522 1135 2584 reio
1151 2524 1308 2604 sequenti,

133 2635 243 2693 tamen
259 2626 386 2709 librum,
408 2629 464 2710 qui
480 2629 621 2710 optimus
637 2636 695 2707 est,
721 2629 974 2711 manuscriptum
991 2647 1163 2710 sequamur
1179 2649 1309 2694 necesse

135 2743 184 2800 est
206 2740 389 2818 propterea,
413 2734 501 2818 quod
524 2733 605 2799 haec
621 2733 741 2799 codicis
765 2733 944 2817 Ppartitic
967 2735 1070 2799 iustos
1093 2757 1159 2800 non
1175 2733 1311 2818 praebet

133 2861 253 2906 versus.
300 2838 499 2906 Conradtius
523 2847 632 2907 autem
656 2849 761 2905 mutat
783 2839 942 2905 scribens:

200 2947 329 3028 Dicam,
353 2967 418 3011 ncn
442 2947 557 3030 edepdl
581 2947 657 3012 scio.
681 2946 739 3012 sed
762 2949 880 3012 dstium
905 2948 1101 3030 concrepuit.
1127 2947 1222 3011 credo

200 3033 312 3137 lpsum
336 3054 438 3118 exire:
462 3054 553 3116 ndlla
576 3075 656 3134 sum,

134 3181 200 3244 quo
221 3161 253 3224 in
282 3161 462 3225 mutatione
487 3168 617 3225 coactus
642 3165 692 3225 est
714 3161 756 3222 ad
778 3182 823 3222 uro
847 3160 966 3242 delere,
992 3181 1076 3244 quae
1099 3160 1200 3227 verba
1223 3164 1310 3226 etin

134 3267 281 3334 omnibus
313 3275 441 3333 exstant
464 3266 629 3333 codicibus
654 3276 686 3331 et
710 3266 940 3332 confirmantur
962 3269 1034 3332 loco
1057 3268 1167 3333 Plauti
1191 3267 1310 3333 Bacch.

136 3378 213 3439 794:
240 3376 330 3438 Mace
353 3375 425 3436 dum
446 3397 631 3459 povamper;
653 3376 716 3437 iam
739 3395 809 3438 eaeo
832 3374 874 3436 od
896 3385 932 3446 te,
959 3371 1107 3459 Chrysalo.

606 3485 656 3545 90.
681 3481 746 3546 Ad.
774 3485 846 3546 158.

133 3588 235 3654 troch.
259 3594 321 3652 oct.
366 3586 455 3672 Quid
477 3586 666 3670 respectas?
689 3589 735 3652 nil
756 3588 913 3671 periclist:
939 3593 1125 3671 ntmquam,
1152 3589 1228 3654 dum
1252 3611 1310 3672 ego

456 3694 565 3777 adero,
590 3693 642 3759 hic
666 3701 699 3760 te
722 3701 843 3778 tanget.

134 3802 237 3867 troch.
262 3802 337 3868 dim.
369 3779 464 3886 stigo
487 3805 583 3866 istam
605 3804 715 3866 invitis
738 3801 886 3866 omnibus
911 3852 917 3865 .
943 3803 966 3866 .!

134 3908 229 3977 iamb.
254 3919 315 3973 oct.
367 3907 626 3993 2Quamquamst
646 3909 810 3989 scelestus,
835 3911 899 3972 non
921 3908 1100 3973 committet
1122 3907 1219 3973 hodie
1244 3931 1311 3973 urn-

457 4037 555 4099 quem
578 4019 695 4081 iterum
719 4023 755 4081 ut
777 4016 916 4099 vapulet.

223 4124 262 4187 In
295 4122 461 4189 codicibus
492 4143 603 4188 versus
637 4127 700 4188 158
724 4144 771 4206 sq.
804 4123 1018 4206 disponuntur
1047 4125 1080 4187 in
1112 4121 1312 4188 trochaicum

134 4229 307 4295 dimetrum
331 4232 556 4295 catalecticum
580 4235 613 4296 ct
628 4230 802 4296 iambicum
819 4231 1034 4309 octonarium3
1059 4237 1160 4312 atquc
1181 4233 1314 4314 praeter

135 4337 216 4402 duas
246 4339 351 4402 varias
374 4337 538 4417 lectiones,
571 4356 654 4418 quae
681 4337 773 4419 parvi
797 4345 872 4401 sunt
893 4337 1059 4418 momenti,
1091 4357 1201 4401 versus
1225 4336 1313 4400 omni

134 4453 252 4509 vacant
282 4441 480 4510 difficultate.
527 4442 592 4508 Sed
616 4441 812 4508 Oonradtius
842 4442 942 4508 verba
971 4463 1082 4507 versus
1116 4445 1178 4507 159
1207 4466 1312 4529 queam-
