3340 5358
594 567 815 626 „33-

109 740 276 805 clausulas
300 739 439 805 initiales
471 741 512 806 ab
536 740 683 806 omnibus
706 740 861 823 probatas
884 762 941 806 eae
966 742 1190 825 agnoscendae
1212 745 1291 808 mihi

108 845 267 912 videntur
290 867 370 927 esse,
395 867 478 929 quae
501 845 609 912 medio
633 856 762 912 exstant
784 849 817 912 in
842 851 979 912 cantico.

579 994 607 1057 5.
630 990 732 1055 Haut.
758 995 832 1055 566.

183 1095 270 1162 Nam
292 1097 392 1162 istaec
416 1097 546 1180 quidem
570 1096 805 1179 contumeliast,

183 1202 359 1268 Hominem
397 1206 534 1268 amicum
568 1207 714 1288 recipere
758 1205 800 1269 ad
834 1214 866 1268 te
908 1212 1004 1288 atque
1047 1207 1115 1270 eius
1154 1208 1292 1272 amicam

438 1310 623 1393 subigitare.

207 1415 361 1482 Chremes
392 1417 457 1482 filio
486 1420 658 1483 temerario
688 1420 814 1502 levique
838 1418 1020 1502 exprobrat,
1052 1419 1139 1503 quod
1162 1443 1292 1485 manum

112 1525 286 1608 ingesserit
316 1525 349 1588 iu
383 1525 487 1589 sinum
517 1527 695 1589 meretricis
720 1525 814 1590 amici
849 1523 1043 1608 definitaque
1079 1527 1140 1590 hoc
1171 1525 1293 1592 factum

63 1618 69 1624 ⁵
114 1632 346 1696 contumeliam
392 1631 470 1695 dicit
507 1631 650 1697 versibus
694 1635 858 1713 tea-67,
905 1631 1022 1714 quibus
1047 1620 1172 1716 'prima
1216 1655 1292 1716 pars

114 1739 348 1803 sententiarum
373 1738 571 1820 terminatur,
597 1737 770 1803 Ohremete
794 1741 828 1802 in
852 1738 1059 1821 sequentibus
1083 1738 1228 1804 versibus
1251 1740 1291 1805 de

114 1844 213 1910 factis
245 1843 309 1908 diei
340 1844 483 1910 hesterni
511 1844 674 1928 loquente.
728 1843 801 1928 Quo
833 1848 866 1910 in
897 1848 1023 1911 cantico
1052 1848 1196 1912 clausula
1228 1851 1290 1910 566

116 1955 188 2016 sine
220 1951 317 2017 dubio
349 1973 420 2016 cum
444 1973 538 2016 versu
569 1961 723 2035 sequente
754 1952 978 2034 coniungenda
1008 1961 1066 2034 est,
1098 1974 1294 2036 quamquam

113 2078 228 2123 versus
252 2079 384 2123 numero
407 2067 563 2141 perpetuo
588 2079 653 2122 non
677 2061 914 2123 continuantur.
961 2059 1003 2123 Id
1027 2081 1103 2126 vero
1128 2082 1166 2125 eo
1191 2063 1292 2143 magis

21 2197 24 2204 ·
116 2166 323 2248 intellegitur,
361 2165 448 2248 quod
483 2186 593 2229 versus
629 2169 782 2229 ooo—66
817 2183 881 2229 uno
920 2175 1030 2230 tenore
1064 2169 1195 2231 recitari
1230 2187 1294 2231 non

116 2280 262 2355 possunt,
294 2293 367 2337 cum
397 2293 507 2337 versus
539 2277 691 2336 566—67
723 2293 820 2337 unam
856 2272 999 2337 efficiant
1033 2275 1225 2338 sententiam
1261 2283 1293 2338 et

117 2400 227 2444 versus
260 2383 323 2442 565
347 2381 606 2462 interpunctione
638 2382 727 2462 gravi
756 2386 933 2463 separetur.
980 2379 1133 2462 Sequitur·
1155 2384 1293 2464 primum

119 2487 258 2569 quidem,
292 2495 327 2549 ut
350 2487 512 2550 clausulae
536 2487 678 2550 initiales
701 2492 833 2551 utantur
855 2489 986 2569 proprio
1009 2489 1088 2567 iure,
1118 2487 1234 2551 deinde
1258 2494 1294 2551 ut

117 2594 180 2658 hoc
202 2595 273 2658 loco
298 2593 435 2657 dimeter
457 2593 570 2657 ultimo
592 2595 823 2657 sententiarum
847 2593 969 2658 ordinis
993 2594 1165 2659 antecedat
1180 2596 1293 2660 versui.

592 2741 620 2798 6.
646 2735 729 2801 Eun.
755 2738 827 2801 647.

184 2843 302 2906 2Hem.
331 2839 420 2925 zQui
443 2864 528 2906 nunc
553 2845 580 2906 si
605 2843 700 2906 detrir
723 2843 811 2924 mihi,

184 2948 231 3013 Ut
254 2970 312 3030 ego
335 2949 496 3031 unguibus
520 2948 616 3014 facile
640 2949 688 3013 illi
711 2951 744 3012 in
769 2950 877 3013 oculos
901 2950 1041 3012 involem
1064 2948 1221 3013 venefico!

206 3055 393 3136 Eunuchus,
425 3058 481 3138 qui
503 3061 647 3138 putatur,
680 3077 751 3120 cum
775 3059 930 3138 virginem
953 3058 1123 3136 vitiaverit,
1155 3057 1293 3120 maxime

118 3165 201 3226 irata
216 3161 349 3246 Pythias
366 3185 404 3228 ex
421 3162 555 3226 Thaidis
573 3162 667 3226 domo
691 3164 725 3225 in
746 3183 896 3227 scaenam
912 3163 1060 3245 procedit
1083 3173 1116 3225 et
1130 3161 1294 3226 Phaedria

119 3269 260 3333 nondum
287 3277 461 3352 conspecto
485 3268 583 3334 verba
611 3269 688 3333 facit
711 3290 814 3351 usque
839 3269 880 3332 ad
903 3290 1029 3332 versum
1054 3273 1129 3349 648,
1155 3289 1292 3350 quocum

119 3375 263 3440 clausula
294 3379 356 3438 647
390 3377 543 3458 copulata
573 3382 630 3440 est.
676 3376 788 3458 Atque
820 3397 858 3440 eo
881 3379 983 3458 magis
1007 3376 1068 3439 hoc
1100 3384 1136 3438 ut
1164 3376 1293 3439 credam

120 3481 272 3562 adducor,
304 3480 393 3563 quod
422 3501 487 3544 non
512 3484 613 3545 solum
638 3482 807 3547 verborum
839 3492 872 3546 et
895 3484 1082 3562 sententiae,
1116 3481 1294 3546 sedetiam

120 3589 242 3652 numeri
272 3588 471 3652 continuatio
503 3597 603 3671 patet.
653 3589 741 3672 Ergo
773 3589 826 3654 hic
854 3610 981 3672 quoque
1013 3589 1150 3653 dimeter
1181 3591 1293 3653 ultimo

121 3695 238 3759 ordinis
263 3696 496 3759 sententiarum
518 3697 626 3759 versui
648 3699 842 3778 praemissus
867 3705 926 3760 est.

571 3841 597 3900 7.
621 3837 751 3902 Phorm.
775 3841 850 3901 490.

184 3941 329 4007 Mirabar
352 3944 380 4007 si
403 3953 437 4006 tu
461 3942 539 4008 mihi
563 3947 736 4026 quicquam
760 3943 903 4007 adferres
928 3944 1012 4006 novi.
1044 3943 1119 4026 zai,

184 4049 295 4114 Metuo
318 4051 468 4114 lenonem
491 4053 531 4114 ne
555 4050 633 4132 quid
660 4099 762 4116 .....

206 4157 281 4221 Hoc
304 4159 337 4220 in
362 4158 503 4221 carmine
526 4160 716 4238 485-503,
746 4157 834 4239 quod
863 4179 900 4220 ex
924 4156 1069 4221 membro
1093 4155 1192 4218 Dorio
1216 4156 1293 4220 facit

122 4265 251 4345 initium,
282 4262 447 4328 Phaedria
469 4263 617 4336 Dorioni,
649 4270 686 4328 ut
707 4285 820 4347 preces
852 4284 925 4327 suas
950 4263 1071 4344 audiat,
1100 4263 1292 4347 persuadere

124 4381 263 4452 conatur,
296 4391 368 4434 oum
399 4371 453 4434 ille
484 4372 643 4453 promissa
673 4392 826 4453 respuens
858 4369 1003 4434 abiturus
1035 4373 1086 4451 sit,
1118 4389 1228 4451 usqua¹
1251 4369 1292 4433 ad

123 4499 245 4541 versum
275 4480 350 4543 491.
407 4474 479 4559 Quo
512 4497 585 4540 cum
619 4497 712 4541 versu
743 4480 922 4541 trimetrum
953 4477 1128 4540 iambicum
1161 4479 1226 4539 490
1262 4485 1293 4539 et
