3340 5358
608 557 827 622 ..47-

121 735 225 817 plane
243 740 433 818 congruunt,
458 733 515 814 sed
539 736 643 799 sexies
659 734 806 799 trimeter
820 733 912 798 Ionis
935 736 969 798 in
986 734 1190 818 antistropha
1204 735 1304 801 inter-

121 843 267 924 ponitur.
305 841 423 924 Itaque
435 861 644 923 personarum
660 842 848 906 mutationis
860 841 949 923 leges
966 863 1030 906 non
1041 843 1228 925 migrantur,
1247 842 1304 908 sed

123 949 235 1030 potina
252 947 499 1032 amplificantur,
517 953 553 1013 ut
569 949 720 1014 carminis
733 949 923 1031 compositio
941 948 1076 1014 alibera
1091 971 1155 1014 nen
1168 950 1305 1015 multum

125 1053 223 1121 absit.
270 1053 346 1120 Non
369 1055 463 1120 aliter
486 1054 695 1121 iudicandum
718 1062 767 1121 est
791 1055 831 1120 de
851 1055 1082 1140 Aristophanis
1106 1055 1250 1121 Acharn.
1274 1079 1302 1121 v.

125 1165 282 1228 eae-39
297 1195 338 1217 =
353 1166 516 1230 940-51.
561 1161 649 1229 Nam
681 1185 754 1228 oum
785 1163 847 1228 hoc
877 1165 911 1226 in
939 1164 1065 1229 cantico
1094 1167 1305 1247 congruentia

126 1272 215 1336 omni
247 1277 402 1353 exparte
434 1272 663 1354 conspiciatur,
695 1291 806 1336 rusus
831 1274 984 1336 936-39
1008 1269 1202 1355 Dicaeopoli
1233 1271 1303 1354 soli,

124 1375 360 1460 respondentes
376 1386 484 1443 autem
499 1397 610 1442 versus
627 1381 779 1442 sar-51
797 1377 925 1443 Boeoto
945 1387 978 1443 et
994 1376 1094 1445 choro
1109 1376 1303 1444 tribuuntur.

127 1482 181 1552 Sit
201 1486 246 1550 ita
270 1505 363 1565 sane;
394 1483 453 1550 sed
475 1483 576 1574 nihilo
607 1486 707 1551 setius
731 1487 829 1550 etiam
851 1485 905 1550 hic
935 1489 1071 1552 mutatio
1096 1491 1305 1552 conservatur

125 1591 322 1676 principalis.
367 1589 465 1674 Quod
486 1591 725 1675 Aristophanes
750 1595 848 1658 etiam
870 1593 903 1658 in
927 1592 1045 1676 Vespis
1074 1592 1135 1659 sibi
1157 1593 1305 1676 indulget

125 1720 155 1764 v.
187 1701 363 1764 ael-302
377 1731 419 1755 ==
434 1703 597 1765 303-15,
652 1699 738 1766 Nam
774 1708 928 1782 quattuor
961 1704 1071 1783 partes
1110 1701 1303 1784 principales

125 1815 262 1890 possunt
294 1806 442 1889 discerni,
475 1809 581 1890 prima
611 1829 639 1871 v.
673 1809 840 1888 2912303,
873 1807 976 1872 altera
1007 1811 1175 1888 2972309,
1206 1809 1305 1873 tertia

126 1917 193 1978 393
204 1938 210 1978 :
223 1917 297 1996 312,
322 1923 438 1998 quarta
455 1917 623 1996 3001313,
648 1935 784 1997 quarum
802 1913 881 1979 ordo
897 1917 931 1979 in
948 1913 1079 1999 stropha
1095 1914 1145 1979 bis
1169 1914 1212 2000 (v.
1229 1917 1304 1996 292,

125 2020 218 2106 298),
243 2022 276 2084 in
301 2019 505 2105 antistropha
529 2023 628 2086 semel
653 2021 694 2108 (v.
720 2022 799 2108 314)
824 2043 843 2086 a
866 2043 967 2105 puero
989 2022 1244 2105 interrumpitur.

215 2144 360 2212 Tertium
383 2167 457 2212 vero
484 2149 665 2230 exemplum
688 2149 831 2212 invenies
855 2147 888 2212 in
913 2147 1056 2213 eiusdem
1079 2147 1210 2213 fabulae
1233 2169 1303 2212 rer·

122 2252 215 2318 sibus
229 2257 382 2318 413-29
393 2285 434 2307 =
444 2257 610 2335 461-87,
624 2275 688 2337 quo
704 2256 738 2318 in
754 2256 896 2318 carmine
909 2256 1026 2318 iterum
1042 2256 1303 2338 gravissimarum

121 2361 342 2425 mutationum
373 2359 503 2426 sedibus
540 2362 674 2426 servatis
710 2361 894 2449 (tle-163
930 2364 1100 2443 420-213
1132 2362 1302 2447 461-70)

121 2468 224 2532 etiam
249 2467 332 2533 aliae
355 2488 513 2554 personae
536 2469 729 2536 inseruntur.

214 2591 268 2662 Ac
298 2613 338 2658 ne
368 2591 537 2690 Euripidis
568 2593 700 2677 quidem
731 2593 771 2660 de
801 2592 955 2660 Herculis
985 2593 1122 2659 furentis
1156 2593 1302 2662 versibus

123 2701 281 2765 ret-48
294 2731 337 2759 ιε
351 2703 502 2766 730-61
529 2709 579 2766 est
602 2699 829 2766 dubitandum:
855 2721 965 2768 omnes
981 2701 1140 2786 praebent
1153 2701 1302 2786 pulcher-

119 2808 239 2873 rimam
263 2810 510 2891 congruentiam
532 2807 638 2874 verbis
661 2805 801 2892 Lyconis
819 2811 882 2873 743
899 2817 932 2874 et
950 2811 1014 2873 754
1038 2811 1188 2892 exceptis.
1236 2807 1302 2876 Sed

119 2913 173 2980 illi
195 2935 306 2980 versus
329 2916 459 2981 omnino
481 2936 501 2980 a
519 2917 728 3000 responsione
752 2915 944 3002 segregandi
966 2914 1125 2998 videntur,
1150 2936 1223 2982 cum
1246 2937 1302 2983 eos

121 3043 166 3088 ex
189 3021 343 3088 interiore
367 3021 463 3092 domo
486 3028 677 3092 resonantes
702 3022 807 3090 audiri
830 3021 982 3110 pateat¹)

213 3146 323 3214 Aliter
342 3132 412 3214 ¹res
451 3169 485 3214 se
524 3148 624 3214 habet
660 3149 695 3214 in
732 3148 962 3234 Aristophanis
997 3147 1119 3214 Avium
1157 3149 1302 3216 versibus

119 3257 513 3338 410-12=413-1t,
539 3258 651 3344 quiin
675 3255 842 3322 codicibus
865 3258 914 3322 ita
937 3255 1136 3321 scribuntur:

383 3357 532 3428 ΧΟΡΟΣ.
578 3361 656 3452 τύχη
681 3360 715 3426 dl
737 3361 809 3428 nolu
831 3363 919 3447 κομί-

580 3473 624 3546 ζει
646 3470 714 3536 ποτ’
739 3471 820 3535 αὐτὼ
843 3469 916 3556 πρὸς
939 3468 992 3556 ip-

580 3576 666 3649 ortu<
690 3577 801 3656 litata

386 3679 511 3750 Ellolt
889 3681 964 3769 ἔρως

580 3790 645 3878 βίου
670 3789 784 3875 διαίτης
805 3813 839 3854 τε
862 3787 912 3853 καὶ

580 3901 634 3962 σοῦ
659 3899 801 3970 ξυνοικεῖν
823 3896 857 3961 τέ
880 3921 927 3960 σοι
1021 3925 1024 3931 ’

579 4003 629 4068 καὶ
653 4006 779 4076 ξυνεῖναι
801 4001 835 4068 τὸ
858 4008 925 4068 πᾶν.

215 4111 284 4180 Sed
315 4114 383 4179 sine
412 4111 511 4179 dubio
541 4111 618 4180 libri
647 4118 865 4198 peccaverunt
895 4113 1116 4196 manuscripti,
1148 4112 1301 4196 quoniam

119 4226 257 4290 auctore
270 4219 440 4310 Koechlyo
456 4241 566 4286 versus
582 4219 645 4287 levi
661 4217 840 4286 mutatione
857 4219 961 4286 hunce
977 4220 1011 4285 in
1026 4218 1158 4288 modum
1173 4217 1301 4286 restitui

118 4332 275 4414 possunt:

118 4447 340 4464 *a*

217 4509 241 4578 ι)
258 4505 452 4573 wilencum,
471 4504 608 4563 nausa
625 4503 675 4561 11⁸
692 4522 719 4575 p.
741 4506 800 4560 ras.
