<?xml version="1.0" encoding="UTF-8"?>
<!DOCTYPE html PUBLIC "-//W3C//DTD XHTML 1.0 Transitional//EN"
    "http://www.w3.org/TR/xhtml1/DTD/xhtml1-transitional.dtd">
<html xmlns="http://www.w3.org/1999/xhtml" xml:lang="en" lang="en">
 <head>
  <title>
</title>
<meta http-equiv="Content-Type" content="text/html;charset=utf-8" />
  <meta name='ocr-system' content='tesseract 3.04.00' />
  <meta name='ocr-capabilities' content='ocr_page ocr_carea ocr_par ocr_line ocrx_word'/>
</head>
<body>
  <div class='ocr_page' id='page_1' title='image "./decanticisteren00baesgoog_0028.png"; bbox 0 0 3340 5358; ppageno 0'>
   <div class='ocr_carea' id='block_1_1' title="bbox 548 1235 907 1488">
    <p class='ocr_par' dir='ltr' id='par_1_1' title="bbox 548 1235 907 1488">
     <span class='ocr_line' id='line_1_1' title="bbox 703 1235 751 1299; baseline 0.021 -1"><span class='ocrx_word' id='word_1_1' title='bbox 703 1235 751 1299; x_wconf 89' lang='lat'><strong>11.</strong></span> 
     </span>
     <span class='ocr_line' id='line_1_2' title="bbox 548 1375 907 1488; baseline 0.003 -2"><span class='ocrx_word' id='word_1_2' title='bbox 548 1377 619 1487; x_wconf 85' lang='lat' dir='ltr'><strong>De</strong></span> <span class='ocrx_word' id='word_1_3' title='bbox 657 1375 907 1488; x_wconf 83' lang='lat' dir='ltr'><strong>clausulis.</strong></span> 
     </span>
    </p>
   </div>
   <div class='ocr_carea' id='block_1_2' title="bbox 136 1573 1317 2622">
    <p class='ocr_par' dir='ltr' id='par_1_2' title="bbox 136 1573 1317 2622">
     <span class='ocr_line' id='line_1_3' title="bbox 229 1573 1315 1658; baseline 0 -17"><span class='ocrx_word' id='word_1_4' title='bbox 229 1575 350 1641; x_wconf 83' lang='lat' dir='ltr'>Versus</span> <span class='ocrx_word' id='word_1_5' title='bbox 366 1573 559 1657; x_wconf 85' lang='lat' dir='ltr'><strong>periodueve</strong></span> <span class='ocrx_word' id='word_1_6' title='bbox 575 1581 632 1638; x_wconf 86' lang='lat' dir='ltr'><strong>eut</strong></span> <span class='ocrx_word' id='word_1_7' title='bbox 647 1595 686 1636; x_wconf 85' lang='lat' dir='ltr'><strong>ex</strong></span> <span class='ocrx_word' id='word_1_8' title='bbox 710 1595 774 1637; x_wconf 87' lang='lat' dir='ltr'><strong>unc</strong></span> <span class='ocrx_word' id='word_1_9' title='bbox 795 1579 924 1639; x_wconf 82' lang='lat' dir='ltr'><strong>constet</strong></span> <span class='ocrx_word' id='word_1_10' title='bbox 946 1574 1091 1640; x_wconf 89' lang='lat' dir='ltr'><strong>membro</strong></span> <span class='ocrx_word' id='word_1_11' title='bbox 1113 1575 1155 1638; x_wconf 88' lang='lat' dir='ltr'><strong>ab</strong></span> <span class='ocrx_word' id='word_1_12' title='bbox 1180 1595 1315 1658; x_wconf 87' lang='lat' dir='ltr'><strong>eamque</strong></span> 
     </span>
     <span class='ocr_line' id='line_1_4' title="bbox 138 1679 1314 1764; baseline 0 -18"><span class='ocrx_word' id='word_1_13' title='bbox 138 1702 270 1747; x_wconf 75' lang='lat' dir='ltr'><strong>eausam</strong></span> <span class='ocrx_word' id='word_1_14' title='bbox 295 1681 466 1764; x_wconf 81' lang='grc' dir='ltr'>μονόκωλος</span> <span class='ocrx_word' id='word_1_15' title='bbox 481 1681 665 1764; x_wconf 81' lang='lat' dir='ltr'><strong>appelletur</strong></span> <span class='ocrx_word' id='word_1_16' title='bbox 681 1679 855 1745; x_wconf 83' lang='lat' dir='ltr'><strong>anthabet</strong></span> <span class='ocrx_word' id='word_1_17' title='bbox 869 1680 1016 1745; x_wconf 83' lang='lat' dir='ltr'><strong>membre</strong></span> <span class='ocrx_word' id='word_1_18' title='bbox 1032 1683 1206 1764; x_wconf 87' lang='lat' dir='ltr'><strong>complura,</strong></span> <span class='ocrx_word' id='word_1_19' title='bbox 1231 1703 1314 1764; x_wconf 86' lang='lat' dir='ltr'><strong>quae</strong></span> 
     </span>
     <span class='ocr_line' id='line_1_5' title="bbox 136 1785 1316 1872; baseline 0 -19"><span class='ocrx_word' id='word_1_20' title='bbox 136 1809 198 1872; x_wconf 91' lang='lat' dir='ltr'><strong>pro</strong></span> <span class='ocrx_word' id='word_1_21' title='bbox 221 1790 291 1853; x_wconf 90' lang='lat' dir='ltr'><strong>loce</strong></span> <span class='ocrx_word' id='word_1_22' title='bbox 308 1787 440 1852; x_wconf 86' lang='lat' dir='ltr'><strong>nomine</strong></span> <span class='ocrx_word' id='word_1_23' title='bbox 455 1789 627 1870; x_wconf 86' lang='lat' dir='ltr'><strong>accipiunt.</strong></span> <span class='ocrx_word' id='word_1_24' title='bbox 674 1785 706 1850; x_wconf 89' lang='lat' dir='ltr'>N</span> <span class='ocrx_word' id='word_1_25' title='bbox 709 1807 762 1851; x_wconf 85' lang='lat' dir='ltr'><strong>em</strong></span> <span class='ocrx_word' id='word_1_26' title='bbox 784 1789 817 1851; x_wconf 94' lang='lat' dir='ltr'><strong>in</strong></span> <span class='ocrx_word' id='word_1_27' title='bbox 834 1807 928 1852; x_wconf 85' lang='lat' dir='ltr'><strong>versu</strong></span> <span class='ocrx_word' id='word_1_28' title='bbox 944 1787 1082 1852; x_wconf 90' lang='lat' dir='ltr'><strong>ducrum</strong></span> <span class='ocrx_word' id='word_1_29' title='bbox 1098 1788 1316 1854; x_wconf 88' lang='lat' dir='ltr'><strong>membrorum</strong></span> 
     </span>
     <span class='ocr_line' id='line_1_6' title="bbox 138 1893 1314 1981; baseline 0.001 -21"><span class='ocrx_word' id='word_1_30' title='bbox 138 1897 333 1961; x_wconf 74' lang='lat' dir='ltr'><strong>discernitur</strong></span> <span class='ocrx_word' id='word_1_31' title='bbox 361 1897 446 1959; x_wconf 90' lang='lat' dir='ltr'><strong>inter</strong></span> <span class='ocrx_word' id='word_1_32' title='bbox 472 1895 570 1956; x_wconf 82' lang='grc' dir='ltr'>κῶλον</span> <span class='ocrx_word' id='word_1_33' title='bbox 595 1893 747 1978; x_wconf 83' lang='grc' dir='ltr'>ἀριστερόν</span> <span class='ocrx_word' id='word_1_34' title='bbox 771 1895 925 1958; x_wconf 72' lang='lat' dir='ltr'><strong>etudine</strong></span> <span class='ocrx_word' id='word_1_35' title='bbox 949 1895 1043 1965; x_wconf 78' lang='grc' dir='ltr'>δεξιόν</span> <span class='ocrx_word' id='word_1_36' title='bbox 1072 1895 1167 1981; x_wconf 83' lang='lat' dir='ltr'><strong>(Mar.</strong></span> <span class='ocrx_word' id='word_1_37' title='bbox 1192 1895 1314 1962; x_wconf 88' lang='lat' dir='ltr'><strong>Victor.</strong></span> 
     </span>
     <span class='ocr_line' id='line_1_7' title="bbox 136 1999 1315 2086; baseline 0.001 -20"><span class='ocrx_word' id='word_1_38' title='bbox 136 2025 170 2086; x_wconf 92' lang='lat' dir='ltr'><strong>p.·</strong></span> <span class='ocrx_word' id='word_1_39' title='bbox 196 2005 402 2083; x_wconf 74' lang='lat'>108,19.24.</span> <span class='ocrx_word' id='word_1_40' title='bbox 434 2001 519 2065; x_wconf 79' lang='lat' dir='ltr'><strong>Plot</strong></span> <span class='ocrx_word' id='word_1_41' title='bbox 544 1999 676 2066; x_wconf 82' lang='lat' dir='ltr'><strong>Sacerd.</strong></span> <span class='ocrx_word' id='word_1_42' title='bbox 700 2023 731 2083; x_wconf 90' lang='lat' dir='ltr'><strong>p.</strong></span> <span class='ocrx_word' id='word_1_43' title='bbox 758 2002 846 2086; x_wconf 80' lang='lat'><strong>515),</strong></span> <span class='ocrx_word' id='word_1_44' title='bbox 879 2021 952 2065; x_wconf 92' lang='lat' dir='ltr'><strong>cum</strong></span> <span class='ocrx_word' id='word_1_45' title='bbox 977 2000 1315 2074; x_wconf 68' lang='lat' dir='ltr'><strong>MariusNictorinus</strong></span> 
     </span>
     <span class='ocr_line' id='line_1_8' title="bbox 137 2107 1314 2192; baseline 0.001 -20"><span class='ocrx_word' id='word_1_46' title='bbox 137 2111 170 2192; x_wconf 88' lang='lat' dir='ltr'><strong>p.</strong></span> <span class='ocrx_word' id='word_1_47' title='bbox 189 2111 272 2190; x_wconf 82' lang='lat'><strong>74‚8</strong></span> <span class='ocrx_word' id='word_1_48' title='bbox 288 2109 467 2172; x_wconf 77' lang='lat' dir='ltr'><strong>hexametri</strong></span> <span class='ocrx_word' id='word_1_49' title='bbox 482 2107 627 2172; x_wconf 79' lang='lat' dir='ltr'><strong>membra</strong></span> <span class='ocrx_word' id='word_1_50' title='bbox 642 2107 767 2172; x_wconf 80' lang='lat' dir='ltr'><strong>dividat</strong></span> <span class='ocrx_word' id='word_1_51' title='bbox 781 2109 815 2172; x_wconf 92' lang='lat' dir='ltr'><strong>in</strong></span> <span class='ocrx_word' id='word_1_52' title='bbox 831 2109 916 2170; x_wconf 81' lang='grc' dir='ltr'>κῶλα</span> <span class='ocrx_word' id='word_1_53' title='bbox 932 2107 1063 2192; x_wconf 79' lang='grc' dir='ltr'>ἀρκτικά,</span> <span class='ocrx_word' id='word_1_54' title='bbox 1081 2107 1190 2188; x_wconf 80' lang='grc' dir='ltr'>τελικά,</span> <span class='ocrx_word' id='word_1_55' title='bbox 1216 2108 1314 2173; x_wconf 76' lang='grc' dir='ltr'>κοινάε</span> 
     </span>
     <span class='ocr_line' id='line_1_9' title="bbox 138 2213 1317 2288; baseline 0.002 -10"><span class='ocrx_word' id='word_1_56' title='bbox 138 2215 264 2280; x_wconf 84' lang='lat' dir='ltr'><strong>Heroici</strong></span> <span class='ocrx_word' id='word_1_57' title='bbox 294 2237 392 2280; x_wconf 74' lang='lat' dir='ltr'><strong>vasae</strong></span> <span class='ocrx_word' id='word_1_58' title='bbox 422 2215 587 2278; x_wconf 76' lang='lat' dir='ltr'><strong>lueaametri</strong></span> <span class='ocrx_word' id='word_1_59' title='bbox 617 2216 681 2278; x_wconf 88' lang='lat' dir='ltr'><strong>cola</strong></span> <span class='ocrx_word' id='word_1_60' title='bbox 708 2236 759 2278; x_wconf 84' lang='lat' dir='ltr'><strong>een</strong></span> <span class='ocrx_word' id='word_1_61' title='bbox 783 2226 929 2277; x_wconf 76' lang='lat' dir='ltr'><strong>caminata</strong></span> <span class='ocrx_word' id='word_1_62' title='bbox 957 2217 1023 2278; x_wconf 89' lang='lat' dir='ltr'><strong>olio</strong></span> <span class='ocrx_word' id='word_1_63' title='bbox 1045 2227 1120 2288; x_wconf 83' lang='lat' dir='ltr'><strong>eant,</strong></span> <span class='ocrx_word' id='word_1_64' title='bbox 1149 2228 1179 2278; x_wconf 86' lang='lat' dir='ltr'><strong>at</strong></span> <span class='ocrx_word' id='word_1_65' title='bbox 1204 2213 1317 2280; x_wconf 77' lang='lat' dir='ltr'><strong>Graeci</strong></span> 
     </span>
     <span class='ocr_line' id='line_1_10' title="bbox 140 2305 1315 2408; baseline 0 -23"><span class='ocrx_word' id='word_1_66' title='bbox 140 2325 254 2404; x_wconf 71' lang='lat' dir='ltr'><strong>eliciant,</strong></span> <span class='ocrx_word' id='word_1_67' title='bbox 279 2305 422 2408; x_wconf 73' lang='lat' dir='ltr'><strong>lipareaoi,</strong></span> <span class='ocrx_word' id='word_1_68' title='bbox 451 2323 514 2386; x_wconf 87' lang='lat' dir='ltr'><strong>alia</strong></span> <span class='ocrx_word' id='word_1_69' title='bbox 536 2321 656 2397; x_wconf 81' lang='grc' dir='ltr'><em>τελικά,</em></span> <span class='ocrx_word' id='word_1_70' title='bbox 685 2322 750 2384; x_wconf 87' lang='lat' dir='ltr'><strong>clia</strong></span> <span class='ocrx_word' id='word_1_71' title='bbox 779 2322 880 2398; x_wconf 79' lang='grc' dir='ltr'><strong><em>κοινά,</em></strong></span> <span class='ocrx_word' id='word_1_72' title='bbox 910 2345 924 2385; x_wconf 93' lang='lat' dir='ltr'><strong>e</strong></span> <span class='ocrx_word' id='word_1_73' title='bbox 947 2325 1012 2406; x_wconf 80' lang='lat' dir='ltr'><strong>quic</strong></span> <span class='ocrx_word' id='word_1_74' title='bbox 1035 2323 1098 2385; x_wconf 87' lang='lat' dir='ltr'><strong>alia</strong></span> <span class='ocrx_word' id='word_1_75' title='bbox 1120 2324 1225 2396; x_wconf 72' lang='lat' dir='ltr'><strong>lanitiis,</strong></span> <span class='ocrx_word' id='word_1_76' title='bbox 1254 2324 1315 2386; x_wconf 89' lang='lat' dir='ltr'><strong>alia</strong></span> 
     </span>
     <span class='ocr_line' id='line_1_11' title="bbox 139 2429 1316 2516; baseline 0.002 -24"><span class='ocrx_word' id='word_1_77' title='bbox 139 2430 278 2493; x_wconf 76' lang='lat' dir='ltr'><strong>claraulis</strong></span> <span class='ocrx_word' id='word_1_78' title='bbox 305 2451 440 2492; x_wconf 71' lang='lat' dir='ltr'><strong>aerae-am</strong></span> <span class='ocrx_word' id='word_1_79' title='bbox 463 2449 576 2492; x_wconf 82' lang='lat' dir='ltr'><strong>conano</strong></span> <span class='ocrx_word' id='word_1_80' title='bbox 602 2429 791 2514; x_wconf 66' lang='lat' dir='ltr'><strong>remandent,</strong></span> <span class='ocrx_word' id='word_1_81' title='bbox 818 2451 893 2516; x_wconf 83' lang='lat' dir='ltr'><strong>qaas</strong></span> <span class='ocrx_word' id='word_1_82' title='bbox 911 2430 1128 2513; x_wconf 77' lang='lat' dir='ltr'><strong>portiunculae,</strong></span> <span class='ocrx_word' id='word_1_83' title='bbox 1156 2433 1182 2492; x_wconf 84' lang='lat' dir='ltr'><strong>ei</strong></span> <span class='ocrx_word' id='word_1_84' title='bbox 1204 2453 1316 2494; x_wconf 73' lang='lat' dir='ltr'><strong>necesse</strong></span> 
     </span>
     <span class='ocr_line' id='line_1_12' title="bbox 140 2536 1316 2622; baseline 0.003 -24"><span class='ocrx_word' id='word_1_85' title='bbox 140 2539 186 2610; x_wconf 84' lang='lat' dir='ltr'><strong>sit,</strong></span> <span class='ocrx_word' id='word_1_86' title='bbox 219 2537 316 2597; x_wconf 71' lang='lat' dir='ltr'><strong>ariam</strong></span> <span class='ocrx_word' id='word_1_87' title='bbox 346 2537 441 2599; x_wconf 78' lang='lat' dir='ltr'><strong>dicere</strong></span> <span class='ocrx_word' id='word_1_88' title='bbox 473 2536 603 2598; x_wconf 76' lang='lat' dir='ltr'><strong>initiales</strong></span> <span class='ocrx_word' id='word_1_89' title='bbox 634 2547 662 2598; x_wconf 88' lang='lat' dir='ltr'><strong>et</strong></span> <span class='ocrx_word' id='word_1_90' title='bbox 682 2536 795 2622; x_wconf 80' lang='lat' dir='ltr'><strong>finales</strong></span> <span class='ocrx_word' id='word_1_91' title='bbox 825 2558 874 2599; x_wconf 81' lang='lat' dir='ltr'><strong>aen</strong></span> <span class='ocrx_word' id='word_1_92' title='bbox 905 2537 1115 2608; x_wconf 70' lang='lat' dir='ltr'><strong>aimmeimalee,</strong></span> <span class='ocrx_word' id='word_1_93' title='bbox 1150 2559 1316 2601; x_wconf 77' lang='lat' dir='ltr'><strong>communae</strong></span> 
     </span>
    </p>
   </div>
   <div class='ocr_carea' id='block_1_3' title="bbox 136 2643 1318 3262">
    <p class='ocr_par' dir='ltr' id='par_1_3' title="bbox 136 2643 1318 3262">
     <span class='ocr_line' id='line_1_13' title="bbox 138 2643 1316 2730; baseline 0.004 -26"><span class='ocrx_word' id='word_1_94' title='bbox 138 2657 245 2725; x_wconf 81' lang='lat' dir='ltr'><strong>autem,</strong></span> <span class='ocrx_word' id='word_1_95' title='bbox 273 2665 350 2730; x_wconf 83' lang='lat' dir='ltr'><strong>qaae</strong></span> <span class='ocrx_word' id='word_1_96' title='bbox 378 2653 403 2705; x_wconf 86' lang='lat' dir='ltr'><strong>et</strong></span> <span class='ocrx_word' id='word_1_97' title='bbox 429 2645 514 2705; x_wconf 88' lang='lat' dir='ltr'><strong>initia</strong></span> <span class='ocrx_word' id='word_1_98' title='bbox 541 2653 569 2704; x_wconf 87' lang='lat' dir='ltr'><strong>et</strong></span> <span class='ocrx_word' id='word_1_99' title='bbox 586 2643 649 2729; x_wconf 75' lang='lat' dir='ltr'><strong>fini</strong></span> <span class='ocrx_word' id='word_1_100' title='bbox 677 2645 806 2706; x_wconf 76' lang='lat' dir='ltr'><strong>sociatae</strong></span> <span class='ocrx_word' id='word_1_101' title='bbox 834 2655 1006 2726; x_wconf 72' lang='lat' dir='ltr'><strong>conparant.</strong></span> <span class='ocrx_word' id='word_1_102' title='bbox 1054 2644 1127 2707; x_wconf 87' lang='lat' dir='ltr'><strong>Vox</strong></span> <span class='ocrx_word' id='word_1_103' title='bbox 1152 2644 1316 2709; x_wconf 74' lang='lat' dir='ltr'><strong>clausulae</strong></span> 
     </span>
     <span class='ocr_line' id='line_1_14' title="bbox 137 2747 1313 2832; baseline -0.001 -20"><span class='ocrx_word' id='word_1_104' title='bbox 137 2771 212 2815; x_wconf 87' lang='lat' dir='ltr'><strong>vero</strong></span> <span class='ocrx_word' id='word_1_105' title='bbox 244 2771 443 2832; x_wconf 85' lang='lat' dir='ltr'><strong>quamquem</strong></span> <span class='ocrx_word' id='word_1_106' title='bbox 473 2749 554 2813; x_wconf 90' lang='lat' dir='ltr'><strong>nihil</strong></span> <span class='ocrx_word' id='word_1_107' title='bbox 585 2747 674 2813; x_wconf 86' lang='lat' dir='ltr'><strong>eliud</strong></span> <span class='ocrx_word' id='word_1_108' title='bbox 704 2750 803 2813; x_wconf 81' lang='lat' dir='ltr'><strong>latine</strong></span> <span class='ocrx_word' id='word_1_109' title='bbox 835 2749 944 2814; x_wconf 88' lang='lat' dir='ltr'><strong>reddit</strong></span> <span class='ocrx_word' id='word_1_110' title='bbox 978 2751 1040 2814; x_wconf 91' lang='lat' dir='ltr'><strong>nisi</strong></span> <span class='ocrx_word' id='word_1_111' title='bbox 1074 2749 1154 2814; x_wconf 89' lang='lat' dir='ltr'><strong>illud</strong></span> <span class='ocrx_word' id='word_1_112' title='bbox 1189 2751 1313 2827; x_wconf 82' lang='grc' dir='ltr'>τελικόν,</span> 
     </span>
     <span class='ocr_line' id='line_1_15' title="bbox 137 2855 1316 2940; baseline -0.001 -20"><span class='ocrx_word' id='word_1_113' title='bbox 137 2865 246 2922; x_wconf 87' lang='lat' dir='ltr'><strong>temen</strong></span> <span class='ocrx_word' id='word_1_114' title='bbox 272 2856 359 2940; x_wconf 87' lang='lat' dir='ltr'><strong>apud</strong></span> <span class='ocrx_word' id='word_1_115' title='bbox 382 2858 610 2939; x_wconf 83' lang='lat' dir='ltr'><strong>grammaticos</strong></span> <span class='ocrx_word' id='word_1_116' title='bbox 631 2855 796 2921; x_wconf 81' lang='lat' dir='ltr'><strong>Romanos</strong></span> <span class='ocrx_word' id='word_1_117' title='bbox 821 2859 1035 2921; x_wconf 86' lang='lat' dir='ltr'><strong>communiter</strong></span> <span class='ocrx_word' id='word_1_118' title='bbox 1059 2857 1121 2922; x_wconf 89' lang='lat' dir='ltr'><strong>coli</strong></span> <span class='ocrx_word' id='word_1_119' title='bbox 1144 2859 1316 2922; x_wconf 81' lang='lat' dir='ltr'><strong>minusculi</strong></span> 
     </span>
     <span class='ocr_line' id='line_1_16' title="bbox 138 2963 1317 3046; baseline 0.001 -20"><span class='ocrx_word' id='word_1_120' title='bbox 138 2965 273 3026; x_wconf 84' lang='lat' dir='ltr'><strong>seorsim</strong></span> <span class='ocrx_word' id='word_1_121' title='bbox 290 2963 388 3044; x_wconf 87' lang='lat' dir='ltr'><strong>positi</strong></span> <span class='ocrx_word' id='word_1_122' title='bbox 403 2963 534 3027; x_wconf 91' lang='lat' dir='ltr'><strong>notione</strong></span> <span class='ocrx_word' id='word_1_123' title='bbox 549 2968 733 3046; x_wconf 84' lang='lat' dir='ltr'><strong>usurpetur,</strong></span> <span class='ocrx_word' id='word_1_124' title='bbox 751 2984 815 3045; x_wconf 87' lang='lat' dir='ltr'><strong>qua</strong></span> <span class='ocrx_word' id='word_1_125' title='bbox 833 2963 872 3027; x_wconf 88' lang='lat' dir='ltr'><strong>de</strong></span> <span class='ocrx_word' id='word_1_126' title='bbox 889 2985 924 3028; x_wconf 89' lang='lat' dir='ltr'><strong>re</strong></span> <span class='ocrx_word' id='word_1_127' title='bbox 941 2963 1046 3029; x_wconf 83' lang='lat' dir='ltr'><strong>Varro</strong></span> <span class='ocrx_word' id='word_1_128' title='bbox 1063 2963 1150 3046; x_wconf 83' lang='lat' dir='ltr'><strong>apud</strong></span> <span class='ocrx_word' id='word_1_129' title='bbox 1161 2963 1317 3029; x_wconf 87' lang='lat' dir='ltr'><strong>Rufinum</strong></span> 
     </span>
     <span class='ocr_line' id='line_1_17' title="bbox 136 3067 1314 3156; baseline -0.001 -24"><span class='ocrx_word' id='word_1_130' title='bbox 136 3093 168 3154; x_wconf 86' lang='lat' dir='ltr'><strong>p.</strong></span> <span class='ocrx_word' id='word_1_131' title='bbox 188 3073 265 3149; x_wconf 84' lang='lat'><strong>557,</strong></span> <span class='ocrx_word' id='word_1_132' title='bbox 286 3073 325 3132; x_wconf 88' lang='lat'><strong>13</strong></span> <span class='ocrx_word' id='word_1_133' title='bbox 340 3068 436 3133; x_wconf 88' lang='lat' dir='ltr'><strong>docet</strong></span> <span class='ocrx_word' id='word_1_134' title='bbox 451 3068 544 3132; x_wconf 86' lang='lat' dir='ltr'><strong>haec:</strong></span> <span class='ocrx_word' id='word_1_135' title='bbox 562 3067 718 3132; x_wconf 79' lang='lat' dir='ltr'><strong>Cluaealae</strong></span> <span class='ocrx_word' id='word_1_136' title='bbox 734 3091 850 3156; x_wconf 81' lang='lat' dir='ltr'><strong>quoque</strong></span> <span class='ocrx_word' id='word_1_137' title='bbox 863 3072 1001 3155; x_wconf 83' lang='lat' dir='ltr'><strong>primum</strong></span> <span class='ocrx_word' id='word_1_138' title='bbox 1017 3071 1188 3156; x_wconf 78' lang='lat' dir='ltr'><strong>appellatae</strong></span> <span class='ocrx_word' id='word_1_139' title='bbox 1203 3073 1314 3145; x_wconf 76' lang='lat' dir='ltr'><strong>dicarat,</strong></span> 
     </span>
     <span class='ocr_line' id='line_1_18' title="bbox 136 3175 1318 3262; baseline 0 -25"><span class='ocrx_word' id='word_1_140' title='bbox 136 3177 224 3262; x_wconf 82' lang='lat' dir='ltr'><strong>quod</strong></span> <span class='ocrx_word' id='word_1_141' title='bbox 245 3175 415 3238; x_wconf 69' lang='lat' dir='ltr'><strong>abscederent</strong></span> <span class='ocrx_word' id='word_1_142' title='bbox 441 3177 620 3256; x_wconf 71' lang='lat' dir='ltr'><strong>sententiam,</strong></span> <span class='ocrx_word' id='word_1_143' title='bbox 649 3188 682 3238; x_wconf 82' lang='lat' dir='ltr'><strong>ul</strong></span> <span class='ocrx_word' id='word_1_144' title='bbox 705 3176 791 3260; x_wconf 84' lang='lat' dir='ltr'><strong>apud</strong></span> <span class='ocrx_word' id='word_1_145' title='bbox 814 3178 940 3239; x_wconf 82' lang='lat' dir='ltr'><strong>Accium</strong></span> <span class='ocrx_word' id='word_1_146' title='bbox 967 3200 1026 3249; x_wconf 89' lang='lat' dir='ltr'><strong>„aa</strong></span> <span class='ocrx_word' id='word_1_147' title='bbox 1054 3177 1125 3240; x_wconf 83' lang='lat' dir='ltr'><strong>laec</strong></span> <span class='ocrx_word' id='word_1_148' title='bbox 1147 3179 1210 3240; x_wconf 92' lang='lat' dir='ltr'><strong>iam</strong></span> <span class='ocrx_word' id='word_1_149' title='bbox 1233 3178 1318 3241; x_wconf 82' lang='lat' dir='ltr'><strong>obliti</strong></span> 
     </span>
    </p>
   </div>
   <div class='ocr_carea' id='block_1_4' title="bbox 136 3282 1317 4542">
    <p class='ocr_par' dir='ltr' id='par_1_4' title="bbox 136 3282 1317 4542">
     <span class='ocr_line' id='line_1_19' title="bbox 137 3282 1317 3368; baseline 0.002 -24"><span class='ocrx_word' id='word_1_150' title='bbox 137 3293 205 3345; x_wconf 79' lang='lat' dir='ltr'><strong>eant</strong></span> <span class='ocrx_word' id='word_1_151' title='bbox 221 3283 403 3366; x_wconf 61' lang='lat' dir='ltr'><strong>Plappeed‘.</strong></span> <span class='ocrx_word' id='word_1_152' title='bbox 431 3305 657 3368; x_wconf 79' lang='lat' dir='ltr'><strong>nonnumquam</strong></span> <span class='ocrx_word' id='word_1_153' title='bbox 680 3282 720 3344; x_wconf 77' lang='lat' dir='ltr'><strong>ab</strong></span> <span class='ocrx_word' id='word_1_154' title='bbox 735 3283 781 3346; x_wconf 77' lang='lat' dir='ltr'><strong>liic</strong></span> <span class='ocrx_word' id='word_1_155' title='bbox 804 3285 924 3346; x_wconf 86' lang='lat' dir='ltr'><strong>initium</strong></span> <span class='ocrx_word' id='word_1_156' title='bbox 947 3284 987 3354; x_wconf 86' lang='lat' dir='ltr'><strong>lit,</strong></span> <span class='ocrx_word' id='word_1_157' title='bbox 1010 3294 1042 3345; x_wconf 87' lang='lat' dir='ltr'><strong>at</strong></span> <span class='ocrx_word' id='word_1_158' title='bbox 1056 3286 1141 3367; x_wconf 89' lang='lat' dir='ltr'><strong>apud</strong></span> <span class='ocrx_word' id='word_1_159' title='bbox 1158 3283 1317 3347; x_wconf 86' lang='lat' dir='ltr'><strong>Caeciliam</strong></span> 
     </span>
     <span class='ocr_line' id='line_1_20' title="bbox 137 3385 1316 3475; baseline 0.001 -24"><span class='ocrx_word' id='word_1_160' title='bbox 137 3391 191 3462; x_wconf 86' lang='lat' dir='ltr'><strong>„di</strong></span> <span class='ocrx_word' id='word_1_161' title='bbox 218 3390 302 3462; x_wconf 50' lang='lat' dir='ltr'><strong>bonis</strong></span> <span class='ocrx_word' id='word_1_162' title='bbox 323 3389 398 3475; x_wconf 80' lang='lat' dir='ltr'><strong>qaid</strong></span> <span class='ocrx_word' id='word_1_163' title='bbox 424 3385 525 3460; x_wconf 77' lang='lat' dir='ltr'><strong>ltocl“‚</strong></span> <span class='ocrx_word' id='word_1_164' title='bbox 553 3390 641 3474; x_wconf 86' lang='lat' dir='ltr'><strong>apud</strong></span> <span class='ocrx_word' id='word_1_165' title='bbox 674 3388 846 3452; x_wconf 84' lang='lat' dir='ltr'><strong>Terentiam</strong></span> <span class='ocrx_word' id='word_1_166' title='bbox 869 3391 1055 3463; x_wconf 76' lang='lat' dir='ltr'><strong>„discrucior</strong></span> <span class='ocrx_word' id='word_1_167' title='bbox 1077 3392 1201 3453; x_wconf 86' lang='lat' dir='ltr'><strong>animi“.</strong></span> <span class='ocrx_word' id='word_1_168' title='bbox 1250 3387 1316 3454; x_wconf 83' lang='lat' dir='ltr'><strong>Sed</strong></span> 
     </span>
     <span class='ocr_line' id='line_1_21' title="bbox 136 3493 1315 3581; baseline 0.002 -23"><span class='ocrx_word' id='word_1_169' title='bbox 136 3497 222 3558; x_wconf 80' lang='grc' dir='ltr'>κῶλα</span> <span class='ocrx_word' id='word_1_170' title='bbox 246 3494 369 3581; x_wconf 81' lang='grc' dir='ltr'>ἀρκτικά</span> <span class='ocrx_word' id='word_1_171' title='bbox 392 3505 425 3559; x_wconf 89' lang='lat' dir='ltr'><strong>et</strong></span> <span class='ocrx_word' id='word_1_172' title='bbox 446 3493 557 3576; x_wconf 81' lang='grc' dir='ltr'>τελικά,</span> <span class='ocrx_word' id='word_1_173' title='bbox 582 3515 666 3578; x_wconf 83' lang='lat' dir='ltr'><strong>quae</strong></span> <span class='ocrx_word' id='word_1_174' title='bbox 690 3517 801 3560; x_wconf 87' lang='lat' dir='ltr'><strong>versus</strong></span> <span class='ocrx_word' id='word_1_175' title='bbox 825 3497 985 3578; x_wconf 84' lang='lat' dir='ltr'><strong>longiores</strong></span> <span class='ocrx_word' id='word_1_176' title='bbox 1007 3504 1063 3560; x_wconf 83' lang='lat' dir='ltr'><strong>eut</strong></span> <span class='ocrx_word' id='word_1_177' title='bbox 1085 3496 1315 3578; x_wconf 81' lang='lat' dir='ltr'><strong>praecedentia</strong></span> 
     </span>
     <span class='ocr_line' id='line_1_22' title="bbox 137 3601 1316 3688; baseline -0.002 -22"><span class='ocrx_word' id='word_1_178' title='bbox 137 3612 196 3667; x_wconf 82' lang='lat' dir='ltr'><strong>aut</strong></span> <span class='ocrx_word' id='word_1_179' title='bbox 210 3605 415 3685; x_wconf 82' lang='lat' dir='ltr'><strong>insequentia</strong></span> <span class='ocrx_word' id='word_1_180' title='bbox 429 3603 559 3686; x_wconf 89' lang='lat' dir='ltr'><strong>proprio</strong></span> <span class='ocrx_word' id='word_1_181' title='bbox 576 3605 644 3666; x_wconf 90' lang='lat' dir='ltr'><strong>iure</strong></span> <span class='ocrx_word' id='word_1_182' title='bbox 664 3608 807 3684; x_wconf 84' lang='lat' dir='ltr'><strong>utuntur,</strong></span> <span class='ocrx_word' id='word_1_183' title='bbox 825 3602 1033 3686; x_wconf 82' lang='lat' dir='ltr'><strong>appellentur</strong></span> <span class='ocrx_word' id='word_1_184' title='bbox 1049 3605 1146 3668; x_wconf 87' lang='lat' dir='ltr'><strong>etiam</strong></span> <span class='ocrx_word' id='word_1_185' title='bbox 1162 3601 1316 3688; x_wconf 83' lang='grc' dir='ltr'>προῳδικά</span> 
     </span>
     <span class='ocr_line' id='line_1_23' title="bbox 138 3707 1316 3794; baseline 0.001 -20"><span class='ocrx_word' id='word_1_186' title='bbox 138 3716 172 3774; x_wconf 88' lang='lat' dir='ltr'><strong>et</strong></span> <span class='ocrx_word' id='word_1_187' title='bbox 195 3707 328 3794; x_wconf 82' lang='grc' dir='ltr'>ἐπῳδικά</span> <span class='ocrx_word' id='word_1_188' title='bbox 352 3716 385 3775; x_wconf 91' lang='lat' dir='ltr'><strong>et</strong></span> <span class='ocrx_word' id='word_1_189' title='bbox 401 3730 528 3792; x_wconf 88' lang='lat' dir='ltr'><strong>semper</strong></span> <span class='ocrx_word' id='word_1_190' title='bbox 543 3711 704 3774; x_wconf 83' lang='lat' dir='ltr'><strong>artissime</strong></span> <span class='ocrx_word' id='word_1_191' title='bbox 729 3730 802 3774; x_wconf 89' lang='lat' dir='ltr'><strong>cum</strong></span> <span class='ocrx_word' id='word_1_192' title='bbox 826 3711 1005 3774; x_wconf 85' lang='lat' dir='ltr'><strong>sententiae</strong></span> <span class='ocrx_word' id='word_1_193' title='bbox 1022 3715 1184 3774; x_wconf 82' lang='lat' dir='ltr'><strong>structure</strong></span> <span class='ocrx_word' id='word_1_194' title='bbox 1201 3710 1316 3775; x_wconf 83' lang='lat' dir='ltr'><strong>cohae-</strong></span> 
     </span>
     <span class='ocr_line' id='line_1_24' title="bbox 136 3815 1314 3899; baseline 0.001 -20"><span class='ocrx_word' id='word_1_195' title='bbox 136 3826 220 3897; x_wconf 81' lang='lat' dir='ltr'><strong>rent,</strong></span> <span class='ocrx_word' id='word_1_196' title='bbox 243 3820 280 3880; x_wconf 92' lang='lat' dir='ltr'><strong>ut</strong></span> <span class='ocrx_word' id='word_1_197' title='bbox 302 3817 441 3881; x_wconf 85' lang='lat' dir='ltr'><strong>maxime</strong></span> <span class='ocrx_word' id='word_1_198' title='bbox 465 3818 604 3899; x_wconf 88' lang='lat' dir='ltr'><strong>perspici</strong></span> <span class='ocrx_word' id='word_1_199' title='bbox 624 3821 733 3898; x_wconf 88' lang='lat' dir='ltr'><strong>potest</strong></span> <span class='ocrx_word' id='word_1_200' title='bbox 756 3837 796 3880; x_wconf 87' lang='lat' dir='ltr'><strong>ex</strong></span> <span class='ocrx_word' id='word_1_201' title='bbox 811 3815 916 3880; x_wconf 84' lang='lat' dir='ltr'><strong>Mario</strong></span> <span class='ocrx_word' id='word_1_202' title='bbox 933 3815 1103 3880; x_wconf 88' lang='lat' dir='ltr'><strong>Victorino</strong></span> <span class='ocrx_word' id='word_1_203' title='bbox 1127 3839 1157 3899; x_wconf 93' lang='lat' dir='ltr'><strong>p.</strong></span> <span class='ocrx_word' id='word_1_204' title='bbox 1176 3819 1314 3899; x_wconf 69' lang='lat' dir='ltr'><strong>leun:</strong></span> 
     </span>
     <span class='ocr_line' id='line_1_25' title="bbox 140 3922 1316 4008; baseline 0.002 -24"><span class='ocrx_word' id='word_1_205' title='bbox 140 3923 226 3984; x_wconf 83' lang='lat' dir='ltr'><strong>Nam</strong></span> <span class='ocrx_word' id='word_1_206' title='bbox 249 3925 381 4008; x_wconf 77' lang='lat' dir='ltr'><strong>quotiens</strong></span> <span class='ocrx_word' id='word_1_207' title='bbox 408 3923 572 3985; x_wconf 79' lang='lat' dir='ltr'><strong>maioribus</strong></span> <span class='ocrx_word' id='word_1_208' title='bbox 598 3923 700 3986; x_wconf 74' lang='lat' dir='ltr'><strong>metris</strong></span> <span class='ocrx_word' id='word_1_209' title='bbox 723 3924 820 3985; x_wconf 84' lang='lat' dir='ltr'><strong>minae</strong></span> <span class='ocrx_word' id='word_1_210' title='bbox 848 3923 964 4008; x_wconf 84' lang='lat' dir='ltr'><strong>aliquid</strong></span> <span class='ocrx_word' id='word_1_211' title='bbox 991 3922 1176 3995; x_wconf 72' lang='lat' dir='ltr'><strong>adtrectitar,</strong></span> <span class='ocrx_word' id='word_1_212' title='bbox 1206 3925 1316 4006; x_wconf 81' lang='lat' dir='ltr'><strong>epodos</strong></span> 
     </span>
     <span class='ocr_line' id='line_1_26' title="bbox 139 4029 1314 4115; baseline -0.003 -23"><span class='ocrx_word' id='word_1_213' title='bbox 139 4031 255 4092; x_wconf 78' lang='lat' dir='ltr'><strong>dicimo.</strong></span> <span class='ocrx_word' id='word_1_214' title='bbox 280 4032 413 4115; x_wconf 72' lang='lat' dir='ltr'><strong>quaetione</strong></span> <span class='ocrx_word' id='word_1_215' title='bbox 438 4051 506 4094; x_wconf 87' lang='lat' dir='ltr'><strong>aero</strong></span> <span class='ocrx_word' id='word_1_216' title='bbox 529 4051 646 4093; x_wconf 88' lang='lat' dir='ltr'><strong>comma</strong></span> <span class='ocrx_word' id='word_1_217' title='bbox 674 4029 721 4093; x_wconf 87' lang='lat' dir='ltr'><strong>ael</strong></span> <span class='ocrx_word' id='word_1_218' title='bbox 743 4030 826 4092; x_wconf 86' lang='lat' dir='ltr'><strong>colea</strong></span> <span class='ocrx_word' id='word_1_219' title='bbox 854 4030 968 4114; x_wconf 70' lang='lat' dir='ltr'><strong>iateque</strong></span> <span class='ocrx_word' id='word_1_220' title='bbox 996 4040 1087 4092; x_wconf 78' lang='lat' dir='ltr'><strong>metro</strong></span> <span class='ocrx_word' id='word_1_221' title='bbox 1106 4030 1314 4113; x_wconf 73' lang='lat' dir='ltr'><strong>praeponitur,</strong></span> 
     </span>
     <span class='ocr_line' id='line_1_27' title="bbox 136 4135 1317 4222; baseline 0.002 -27"><span class='ocrx_word' id='word_1_222' title='bbox 136 4138 304 4220; x_wconf 73' lang='lat' dir='ltr'><strong>proedicon</strong></span> <span class='ocrx_word' id='word_1_223' title='bbox 320 4137 501 4222; x_wconf 82' lang='lat' dir='ltr'><strong>appellatur.</strong></span> <span class='ocrx_word' id='word_1_224' title='bbox 516 4138 629 4210; x_wconf 88' lang='lat' dir='ltr'><strong>etenim,</strong></span> <span class='ocrx_word' id='word_1_225' title='bbox 646 4136 900 4222; x_wconf 81' lang='lat' dir='ltr'><strong>quemadmodum</strong></span> <span class='ocrx_word' id='word_1_226' title='bbox 916 4159 1010 4221; x_wconf 74' lang='lat' dir='ltr'><strong>apra</strong></span> <span class='ocrx_word' id='word_1_227' title='bbox 1026 4137 1204 4198; x_wconf 70' lang='lat' dir='ltr'><strong>oswardimae</strong></span> <span class='ocrx_word' id='word_1_228' title='bbox 1219 4135 1317 4220; x_wconf 87' lang='lat' dir='ltr'><strong>epodo</strong></span> 
     </span>
     <span class='ocr_line' id='line_1_28' title="bbox 138 4243 1316 4330; baseline 0.001 -28"><span class='ocrx_word' id='word_1_229' title='bbox 138 4246 309 4306; x_wconf 63' lang='lat' dir='ltr'><strong>sententiam</strong></span> <span class='ocrx_word' id='word_1_230' title='bbox 342 4243 451 4315; x_wconf 87' lang='lat' dir='ltr'><strong>claudi,</strong></span> <span class='ocrx_word' id='word_1_231' title='bbox 486 4245 530 4304; x_wconf 82' lang='lat' dir='ltr'><strong>ita</strong></span> <span class='ocrx_word' id='word_1_232' title='bbox 563 4244 595 4304; x_wconf 91' lang='lat' dir='ltr'><strong>in</strong></span> <span class='ocrx_word' id='word_1_233' title='bbox 625 4243 670 4304; x_wconf 81' lang='lat' dir='ltr'><strong>lile</strong></span> <span class='ocrx_word' id='word_1_234' title='bbox 705 4243 894 4330; x_wconf 73' lang='lat' dir='ltr'><strong>manifestam</strong></span> <span class='ocrx_word' id='word_1_235' title='bbox 925 4252 973 4318; x_wconf 82' lang='lat' dir='ltr'><strong>est,</strong></span> <span class='ocrx_word' id='word_1_236' title='bbox 1009 4263 1182 4326; x_wconf 79' lang='lat' dir='ltr'><strong>errspeaeam</strong></span> <span class='ocrx_word' id='word_1_237' title='bbox 1217 4243 1316 4305; x_wconf 85' lang='lat' dir='ltr'><strong>teneri.</strong></span> 
     </span>
     <span class='ocr_line' id='line_1_29' title="bbox 138 4347 1317 4433; baseline -0.003 -19"><span class='ocrx_word' id='word_1_238' title='bbox 138 4349 246 4432; x_wconf 76' lang='lat' dir='ltr'><strong>Quem</strong></span> <span class='ocrx_word' id='word_1_239' title='bbox 270 4351 462 4415; x_wconf 82' lang='lat' dir='ltr'><strong>sententiam</strong></span> <span class='ocrx_word' id='word_1_240' title='bbox 482 4358 632 4433; x_wconf 86' lang='lat' dir='ltr'><strong>repetens</strong></span> <span class='ocrx_word' id='word_1_241' title='bbox 648 4372 680 4433; x_wconf 91' lang='lat' dir='ltr'><strong>p.</strong></span> <span class='ocrx_word' id='word_1_242' title='bbox 701 4354 824 4432; x_wconf 81' lang='grc'><strong>176,21</strong></span> <span class='ocrx_word' id='word_1_243' title='bbox 851 4349 1002 4414; x_wconf 88' lang='lat' dir='ltr'><strong>metricus</strong></span> <span class='ocrx_word' id='word_1_244' title='bbox 1019 4347 1123 4413; x_wconf 86' lang='lat' dir='ltr'><strong>addit:</strong></span> <span class='ocrx_word' id='word_1_245' title='bbox 1149 4349 1191 4410; x_wconf 90' lang='lat' dir='ltr'><strong>Id</strong></span> <span class='ocrx_word' id='word_1_246' title='bbox 1213 4359 1261 4425; x_wconf 85' lang='lat' dir='ltr'><strong>eet,</strong></span> <span class='ocrx_word' id='word_1_247' title='bbox 1285 4351 1317 4411; x_wconf 68' lang='lat' dir='ltr'><strong>aa</strong></span> 
     </span>
     <span class='ocr_line' id='line_1_30' title="bbox 139 4453 1314 4542; baseline 0.002 -26"><span class='ocrx_word' id='word_1_248' title='bbox 139 4457 312 4542; x_wconf 61' lang='lat' dir='ltr'><strong>inobsequens</strong></span> <span class='ocrx_word' id='word_1_249' title='bbox 339 4469 462 4520; x_wconf 72' lang='lat' dir='ltr'><strong>arcelaum</strong></span> <span class='ocrx_word' id='word_1_250' title='bbox 490 4457 682 4540; x_wconf 67' lang='lat' dir='ltr'><strong>adinnpatnn</strong></span> <span class='ocrx_word' id='word_1_251' title='bbox 714 4479 829 4520; x_wconf 79' lang='lat' dir='ltr'><strong>aeneam</strong></span> <span class='ocrx_word' id='word_1_252' title='bbox 858 4456 1037 4519; x_wconf 82' lang='lat' dir='ltr'><strong>claudicare.</strong></span> <span class='ocrx_word' id='word_1_253' title='bbox 1085 4453 1314 4520; x_wconf 75' lang='lat' dir='ltr'><strong>Clausularum</strong></span> 
     </span>
    </p>
   </div>
   <div class='ocr_carea' id='block_1_5' title="bbox 0 0 1675 5358">
    <p class='ocr_par' dir='ltr' id='par_1_5' title="bbox 0 0 1675 5358">
     <span class='ocr_line' id='line_1_31' title="bbox 0 0 1675 5358; baseline 0 0"><span class='ocrx_word' id='word_1_254' title='bbox 0 0 1675 5358; x_wconf 95' lang='lat' dir='ltr'><strong> </strong></span> 
     </span>
    </p>
   </div>
  </div>
 </body>
</html>
