3340 5358
898 515 1221 576 -8—.

411 687 483 767 sint,
507 706 559 749 res
575 684 673 767 digna
688 685 824 770 ridetur,
848 688 881 748 iu
898 707 996 769 quam
1014 685 1198 768 diligentius
1214 689 1425 772 inquiramus.
1465 689 1586 774 Neque

280 811 288 828 ·
411 792 496 856 enim
526 791 657 856 fabulae
687 792 903 857 Terentianae
938 794 1077 858 attinent
1112 793 1154 857 ad
1183 793 1337 877 ποιήματα
1370 793 1447 858 κατὰ
1483 797 1587 884 στίχον

411 895 507 980 praeci,
540 900 582 968 ὡς
606 899 636 960 αἱ
660 894 836 982 Μενάνδρου
860 897 1026 984 κωμῳδίαι,
1055 905 1096 983 πῆ
1121 897 1176 982 μὲν
1199 895 1255 984 γὰρ
1278 899 1463 987 τετράμετρα
1487 904 1518 967 ἐν
1541 913 1588 988 τῷ

411 1003 492 1090 αὐτῷ
514 1005 665 1088 ποιήματι,
690 1011 731 1088 πῆ
757 1001 790 1066 δὲ
819 1003 960 1089 τρίμετρα
984 1003 1149 1089 εὑρίσκεται
1182 1005 1304 1092 (Heph.
1328 1031 1358 1070 π.
1383 1009 1486 1093 ποιήμ.
1514 1012 1585 1096 65).

410 1133 606 1196 quamquam
636 1121 811 1176 metrorum
840 1112 1045 1195 simplicitate
1073 1132 1092 1176 a
1114 1112 1232 1178 fabulis
1255 1113 1417 1180 Plautinis
1444 1119 1585 1182 maxime

410 1219 593 1285 abhorrent.
637 1216 725 1282 Nam
754 1220 787 1282 iu
819 1221 980 1302 plerisque
1012 1220 1145 1284 canticis
1176 1221 1246 1284 sola
1275 1223 1481 1287 inveniuntur
1510 1226 1586 1288 oola

409 1325 575 1390 trochaica
598 1334 631 1390 et
652 1324 792 1390 iambica
816 1325 909 1390 haec:

518 1447 546 1506 1.
571 1441 672 1506 troch.
699 1444 882 1506 octonarius
979 1479 980 1484 κ

517 1553 545 1612 2.
569 1547 672 1612 trech.
698 1550 901 1631 septenarius

516 1659 546 1719 3.
570 1653 667 1719 iamb.
693 1657 876 1720 octonarius

514 1766 545 1825 4.
568 1761 665 1826 iamh.
690 1762 890 1844 septenarius
915 1761 1049 1848 (rarius)

516 1873 544 1931 ὅ.
568 1869 670 1932 trech.
696 1868 832 1932 dimeter

516 1979 544 2037 5·
567 1973 663 2038 ἰωὴ,
688 1974 824 2038 dimeter
902 1922 1118 1986 clausularum
1142 1921 1248 1986 officio
1272 1922 1453 2004 fungentes,

412 2125 415 2132 '
495 2115 550 2180 llli
573 2121 682 2181 autern
704 2137 823 2198 versus,
848 2117 904 2197 qui
926 2117 1011 2180 inter
1030 2120 1172 2181 mutatos
1187 2117 1302 2180 modos
1327 2119 1445 2181 cantici
1470 2138 1580 2182 occur·
1651 2179 1652 2204 p

406 2227 491 2304 runt,
516 2223 614 2286 etiam
637 2225 670 2286 in
695 2221 846 2286 diverbiis
863 2243 974 2286 omnes
998 2220 1184 2303 frequentes
1210 2232 1284 2287 sunt
1307 2229 1442 2305 excepto
1466 2227 1580 2307 primo,
1651 2237 1652 2278 1

408 2330 519 2412 quiin
543 2331 678 2393 canticis
699 2329 775 2393 solis
800 2333 889 2393 tenet
904 2329 1018 2394 locum.
1064 2329 1140 2392 Huc
1164 2329 1325 2394 accedunt
1341 2333 1405 2394 tria
1427 2333 1578 2401 carmina.

407 2439 439 2499 in
471 2435 588 2519 quibus
622 2436 724 2518 lyrica
759 2444 861 2500 metra
896 2435 1191 2518 deprehenduntur.
1245 2435 1332 2502 Nam
1366 2439 1400 2501 in
1431 2436 1579 2501 Andriae

407 2564 435 2607 r.
460 2543 614 2605 481-85
646 2547 799 2624 quattuor
829 2542 1021 2606 bacchiacos
1052 2547 1261 2607 tetrametros
1293 2543 1402 2607 claudi
1435 2543 1580 2607 videmus

404 2647 544 2712 iambico
568 2647 704 2712 dimetro
721 2649 920 2730 catalectico,
944 2650 1000 2729 qui
1025 2647 1110 2729 apud
1127 2647 1313 2710 Terentium
1338 2667 1401 2710 uno
1424 2651 1486 2711 hoo
1509 2649 1581 2714 loco
1651 2637 1652 2674 ¹

404 2754 566 2819 clausulae
598 2755 667 2819 vice
698 2753 851 2836 fungitur,
883 2773 955 2817 cum
985 2755 1019 2816 in
1044 2752 1186 2816 eiusdem
1214 2751 1347 2816 fabulae
1371 2775 1399 2816 r.
1426 2759 1579 2818 sau-38

403 2881 552 2924 versuum
576 2860 655 2924 ordo
679 2863 865 2925 instituatur
889 2860 957 2922 hic:

565 2981 752 3040 tetrameter
774 2975 951 3056 dactylicus

566 3101 679 3146 norem
703 3081 884 3145 tetrametri
908 3083 1018 3145 cretici
1068 3117 1091 3156 0

566 3187 629 3251 duo
652 3187 880 3271 hypodoclrmii
903 3187 1027 3252 formae
1051 3183 1289 3274 -υ-υ-Ι
1307 3215 1520 3243 —————

563 3293 723 3359 iambicus
747 3293 883 3357 dimeter
906 3295 1104 3357 acatalectus

566 3401 629 3464 duo
653 3403 832 3464 tetrametri
856 3399 1033 3464 bacchiaci.

490 3541 664 3607 Difficilius
696 3551 745 3606 est
776 3541 882 3606 dicere
915 3541 954 3606 de
987 3541 1214 3623 Adelphorum
1247 3540 1391 3606 versibus
1425 3545 1579 3604 olo-24

400 3649 454 3736 (cf.
478 3648 547 3713 Leo
571 3651 592 3712 l.
618 3670 643 3713 c.
668 3670 699 3731 p.
725 3653 775 3712 21.
800 3648 866 3734 45).
920 3647 1005 3713 Nam
1035 3650 1174 3731 primum
1210 3647 1341 3731 quidem
1375 3649 1469 3712 colon
1505 3648 1577 3712 dac·
1616 3685 1621 3694 ·

401 3756 532 3839 tylicum
552 3783 824 3812 -υυ-υυ-
850 3757 1056 3820 continuatur
1078 3775 1172 3818 versu
1196 3754 1361 3837 Reiziano‚
1385 3775 1481 3837 quem
1506 3753 1577 3818 sub-

402 3867 580 3944 sequuntur
605 3861 796 3926 choriambi:

562 4303 595 4358 et
617 4297 680 4359 tria
704 4297 776 4359 cola
800 4293 923 4359 formae
949 4323 1180 4352 -----
1184 4344 1192 4375 ‚

401 4432 483 4495 quae
507 4416 612 4474 metra
633 4410 778 4475 versibus
802 4410 974 4476 trochaicis
999 4412 1217 4492 excipiuntur.
