3340 5358
870 558 1065 616 -2-

376 730 602 816 Adelphorum
632 754 662 813 p.
689 735 763 808 ili
795 730 1038 815 Reiff.:3Secpic
1066 743 1172 801 tantan,
1204 733 1323 793 innatatis
1352 754 1409 815 pa·
1439 753 1556 795 senoni

375 841 479 912 modis,
498 840 611 900 conbca
627 838 767 899 mutavit:
791 839 873 922 prend
887 838 1033 923 siptiipicct
1048 837 1147 898 titulae
1162 861 1273 919 scentia,
1290 838 1398 900 babens
1413 838 1555 900 subiectos

375 947 510 1030 personnis
540 945 650 1008 litteras
672 941 779 1005 MMC.
807 946 875 1005 itcnz
906 943 1041 1006 donabia
1070 944 1108 1004 ab
1138 944 1326 1006 histrionibus
1357 945 1454 1006 crebio
1482 969 1555 1030 pno-

377 1031 515 1114 nnntiata
531 1062 606 1132 sient,
623 1073 699 1135 quac
715 1051 916 1136 sipnificanten·
930 1048 965 1110 D
982 1061 1006 1111 ct
1029 1048 1171 1112 Vlittnis
1187 1053 1345 1114 sccuridnnc
1356 1073 1557 1135 personantia

375 1137 498 1220 nonanta
517 1158 714 1243 pracanptis
736 1128 778 1218 in.
792 1179 823 1218 co
848 1156 918 1229 ioco,
954 1156 1006 1218 ubi
1035 1158 1161 1240 incipiat
1190 1179 1293 1228 accaa;
1324 1157 1364 1221 de
1388 1157 1557 1222 comoedia

376 1287 406 1346 p.
422 1269 541 1344 clato
557 1263 680 1327 Kaibel
694 1262 836 1346 (Fragm.
849 1263 957 1348 com.):
975 1261 1124 1326 Deccnbia
1141 1264 1292 1326 histriones
1306 1265 1553 1348 pronuntiabant,

377 1373 488 1432 canitiae
516 1391 582 1432 occo
606 1367 843 1453 temperabantur·
869 1370 966 1431 vitodis
995 1392 1053 1432 tion
1082 1381 1217 1454 apaan,
1245 1371 1297 1432 scd
1323 1395 1341 1430 a
1360 1373 1458 1456 petita
1480 1373 1555 1433 artis

376 1479 504 1539 mancae
534 1473 630 1554 t'actis.
676 1497 768 1560 neque
799 1478 878 1538 enim
910 1478 1009 1538 omnia
1040 1478 1134 1539 iudan
1164 1477 1263 1539 enodis
1292 1479 1324 1538 in
1355 1471 1415 1539 nno
1444 1480 1557 1540 cantico

377 1584 550 1667 effabantur,
574 1584 625 1644 scd
645 1603 730 1666 sacpc
745 1584 876 1652 iteritatis,
901 1593 932 1642 ut
954 1584 1130 1668 sipniflcant,
1154 1585 1207 1667 qni
1229 1594 1284 1646 tres
1307 1594 1392 1646 notas
1409 1581 1511 1646 MMC
1523 1586 1557 1646 in

377 1691 533 1752 canoedib
565 1700 691 1774 ponant,
726 1689 778 1772 qnci
807 1688 897 1772 [tres]
935 1689 1083 1756 continent
1117 1691 1254 1768 „cantatis
1288 1690 1384 1752 ntodie
1419 1692 1555 1754 cantiei“.

378 1795 503 1880 Quibus
521 1794 668 1860 omnibus
684 1795 764 1858 locis
787 1797 821 1858 in
837 1795 927 1858 libris
943 1816 1002 1877 pro
1019 1795 1188 1858 dicabiuni
1204 1795 1384 1858 devabiinn
1400 1799 1558 1879 scriptum

375 1905 519 1985 legimus.
566 1902 677 1983 Atque
701 1902 784 1964 haue
808 1901 945 1965 formam
968 1900 1200 1987 Dziatukone¹)
1225 1911 1355 1967 auctore
1375 1901 1555 1987 Ribbeckt)

295 2033 299 2042 ·
378 2019 410 2072 et
421 2007 665 2092 Friedlbudcrss)
683 2017 806 2071 rectam
822 2029 892 2072 esse
908 2013 1033 2090 putant,
1052 2029 1126 2072 cum
1139 2007 1330 2093 Biicheler4)
1348 2016 1381 2074 et
1396 2009 1556 2092 Ritschu)

377 2115 554 2180 diverbium
577 2115 755 2196 IegitImum
779 2135 848 2178 esse
865 2114 1069 2179 contendant.
1110 2113 1174 2178 Sed
1195 2114 1306 2178 docuit
1326 2137 1376 2179 me
1394 2113 1557 2199 Georgius

378 2221 538 2286 Wissowa
561 2221 645 2285 hauc
669 2223 806 2284 nominis
831 2221 1082 2304 discrepantiam
1101 2243 1164 2285 nou
1188 2220 1329 2285 librariis
1355 2221 1474 2302 deberi,
1499 2223 1556 2286 sed

378 2329 549 2393 cohaerere
562 2348 635 2390 cum
647 2330 719 2409 ipsa
732 2327 860 2391 diuersa
872 2330 918 2391 rei
929 2328 1206 2410 interpretatione,
1225 2349 1297 2391 cum
1309 2328 1332 2392 ii
1344 2330 1556 2410 grammatici,

378 2438 433 2517 qui
457 2437 575 2499 cantici
598 2455 715 2498 nomen
744 2433 819 2498 solis
843 2433 1004 2499 monodiis
1027 2434 1236 2500 reservabant
1258 2435 1395 2517 ideoque
1419 2435 1557 2499 diverbii

379 2547 527 2605 naturam
566 2543 598 2604 iu
638 2541 850 2623 colloquendo
890 2544 1065 2605 consistere
1105 2541 1355 2622 arbitrabantur,
1396 2539 1557 2608 Graecam

381 2649 544 2711 notionem
583 2647 722 2729 διαλόγου
761 2668 820 2728 per
855 2647 1033 2713 diuerbium
1072 2647 1255 2726 redderent,
1265 2647 1291 2730 ⁶)
1331 2649 1395 2725 alii,
1440 2647 1557 2730 quibus
1594 2643 1598 2655 '

380 2752 599 2818 diverbiorum
616 2755 877 2836 canticorumque
894 2752 1067 2817 discrimen
1090 2757 1123 2816 in
1147 2755 1313 2817 recitando
1330 2753 1557 2836 cantandoque

386 2863 560 2924 consistere
576 2859 755 2940 videbatur,
780 2859 943 2925 Graecam
959 2879 1070 2923 vocem
1094 2860 1261 2942 καταλογῆς
1284 2860 1560 2934 latino,vertereut

381 2987 440 3048 per
474 2965 667 3031 dererbium.
723 2964 829 3049 Quam
864 2965 990 3029 Donati
1024 2967 1207 3047 opinionem
1238 2966 1355 3048 probat
1385 2967 1558 3032 Petronius

382 3092 451 3154 cap.
469 3076 525 3135 64:
549 3070 672 3134 Solebas
687 3073 805 3134 manias
828 3093 894 3143 csse,
917 3072 989 3135 belbe
1005 3072 1136 3136 dina¹biu
1152 3075 1305 3144 corruerint,
1329 3073 1432 3137 melica
1455 3074 1557 3136 dicere.

382 3179 493 3261 Atque
525 3179 621 3242 etiam
653 3199 710 3242 nos
742 3178 826 3242 hauc
850 3167 1040 3244 divisionem
1065 3180 1254 3268 accipimus:
1287 3201 1396 3243 omnes
1421 3201 1557 3244 scaenae

382 3294 438 3349 aut
459 3295 567 3368 partes
592 3305 782 3350 scaenarum
797 3285 942 3350 versibus
966 3286 1158 3349 contiuuatis
1183 3285 1379 3368 compositae
1401 3285 1556 3366 diverbia,

381 3391 525 3456 versIbus
548 3394 679 3457 variatis
703 3391 836 3456 effectae
861 3395 988 3456 cantica
1011 3389 1103 3456 nobis
1128 3393 1340 3475 appellantur.

472 3514 538 3581 Sed
550 3538 623 3580 cum
636 3516 724 3598 apud
731 3515 884 3580 Plautum
896 3517 985 3581 nullo
996 3517 1213 3600 perspiciatur
1225 3519 1364 3600 negotio,
1378 3517 1434 3580 ubi
1447 3537 1557 3581 versus

381 3625 500 3688 variari
523 3623 680 3703 desinant,
710 3623 890 3688 continuari
917 3623 1073 3706 incipiant
1100 3632 1131 3688 et
1159 3633 1292 3714 propter
1318 3626 1500 3689 notationes
1526 3633 1556 3688 et

380 3739 513 3814 propter
539 3738 642 3794 metra
668 3730 768 3811 lyrica
796 3751 815 3794 a
842 3729 974 3813 reliquis
998 3729 1094 3794 facile
1128 3729 1289 3811 distincta,
1321 3733 1355 3793 in
1380 3730 1556 3796 comoediis

474 3945 494 4010 ¹)
513 3941 582 3994 Mus.
601 3941 690 3994 Rben.
710 3939 809 3996 XXVI
822 3943 938 4010 101sqq.
958 3941 1089 3995 Fleckeis.
1110 3943 1199 3999 annal,
1219 3941 1348 3996 LXXIII
1368 3942 1435 3997 1871
1456 3959 1481 4010 p.
1495 3942 1555 3996 819.

473 4033 495 4099 ³)
515 4031 595 4086 acm.
618 4029 763 4101 itaquedic
781 4048 808 4098 p.
828 4032 945 4098 caasqq.

474 4121 496 4188 ³)
515 4119 685 4186 Marquardt,
705 4117 784 4173 Rbtn.
805 4117 975 4174 Statano.
994 4117 1042 4172 111
1056 4121 1115 4172 522.

473 4210 496 4277 ⁴)
515 4208 647 4261 Fleckeis.
668 4209 758 4262 annal.
777 4210 795 4264 1.
816 4227 838 4262 c.
857 4226 885 4277 p.
905 4209 1021 4277 ssibsqq.

472 4299 495 4366 5)
514 4295 583 4350 Mus.
602 4295 691 4350 Rheu.
712 4296 811 4352 XXVI
823 4299 884 4351 cla.

472 4387 495 4453 ⁶)
514 4385 548 4439 ci.
561 4383 688 4439 Diomed.
701 4403 728 4456 p.
742 4387 852 4454 naias:
872 4385 994 4441 diverbia
1007 4391 1072 4442 cinit
1082 4390 1177 4456 pantes
1188 4386 1397 4453 conwcdiamm,
1413 4387 1444 4441 in
1457 4386 1558 4456 quibus

381 4475 552 4530 diversatum
566 4491 699 4545 pascnan
716 4478 871 4531 versantur.
