3340 5358
234 1207 309 1271 Duo
333 1204 477 1270 membra
506 1207 538 1268 in
564 1204 740 1269 comoediis
764 1203 985 1268 Romanorum
1009 1203 1222 1268 discernenda
1252 1225 1321 1270 esse

144 1313 321 1379 Diomedes
346 1313 572 1395 grammaticus
601 1309 738 1375 tradidit
767 1309 807 1374 de
838 1330 943 1393 poem.
969 1331 999 1393 p.
1023 1313 1159 1392 aalma:
1192 1309 1322 1374 Manae

145 1422 313 1485 comoediae
336 1421 458 1483 eborum
480 1441 539 1480 uou
554 1417 669 1492 dobant,
694 1417 747 1480 sed
761 1416 873 1479 duobus
888 1417 1031 1480 membris
1046 1428 1159 1479 tontum
1182 1428 1321 1489 condunt,

144 1527 272 1591 ababa
302 1538 329 1589 et
360 1527 480 1589 candoe.
527 1523 599 1587 Iam
631 1523 805 1606 quaeritur,
835 1522 997 1606 quomodo
1027 1524 1170 1606 singulae
1195 1544 1320 1588 comoe-

144 1634 270 1698 diarum
285 1642 393 1716 partes
410 1636 467 1696 aut
482 1633 616 1696 canticis
632 1635 690 1694 aut
705 1628 859 1694 diverbiis
875 1628 1103 1694 attribuendae
1124 1631 1195 1694 sint.
1235 1629 1321 1694 Nam

143 1745 176 1804 iu
208 1740 326 1805 fabulis
349 1739 510 1803 Plautinis
542 1747 574 1803 et
592 1734 806 1801 ’Terentiauis
831 1775 872 1783 —
895 1741 933 1800 ut
963 1739 1110 1801 omittam
1138 1735 1321 1818 fragmenta

144 1849 281 1911 aliorum
293 1857 463 1929 poetarum
475 1883 517 1891 --
531 1853 684 1926 quattuor
696 1864 815 1924 genera
826 1843 1056 1924 intelleguntur
1068 1845 1320 1926 compositionis,

144 1975 281 2037 quornm
315 1956 454 2034 primum
489 1951 715 2032 complectitur
750 1951 893 2014 senarios
929 1950 1144 2031 continuatos,
1185 1952 1321 2015 alterum

144 2081 278 2124 scaenas
302 2059 493 2147 septenapiis
518 2058 722 2139 compositas,
753 2055 926 2138 inquibus
954 2056 1112 2121 trochaici
1136 2059 1320 2138 septenarii,
1377 2039 1382 2050 ¹

142 2166 273 2231 iambici
296 2167 480 2249 septenarii,
512 2163 643 2253 iambici
670 2164 828 2252 octonarii
851 2164 1036 2244 perpetuati
1059 2164 1320 2246 pronuntiantur,

144 2274 273 2337 tertium
289 2277 505 2355 quartumque
529 2269 697 2335 monodias
722 2279 754 2332 et
777 2269 921 2350 dialogos
946 2269 1061 2352 lyricos
1087 2271 1194 2334 omnia
1217 2280 1322 2334 metra

143 2389 273 2462 praeter
300 2381 460 2444 senarium
487 2377 661 2441 iambicum
684 2379 769 2440 iuter
796 2397 830 2440 se
861 2379 1103 2457 permiscentes.
1149 2376 1206 2441 Ad
1237 2399 1320 2459 quae

143 2487 319 2570 respiciens
349 2484 435 2549 idem
466 2483 641 2547 Diomedes
672 2505 703 2564 p.
726 2485 848 2563 aalma
879 2482 976 2546 docet
1008 2482 1104 2546 haec:
1139 2483 1176 2545 Iu
1203 2485 1321 2546 canticis

143 2604 240 2656 ouum
263 2615 325 2654 uua
340 2601 454 2653 torulum
475 2590 631 2652 debetcum
649 2609 791 2672 puaouo,
817 2599 868 2650 out
883 2589 909 2650 ai
924 2588 1001 2650 duae
1009 2589 1135 2676 suerint,
1160 2591 1203 2652 ito
1220 2590 1321 2652 deberit

143 2723 209 2771 erae,
239 2710 271 2761 ut
293 2721 329 2763 au
353 2698 460 2760 oceudo
483 2719 544 2759 uua
567 2697 672 2760 audiui
696 2718 747 2758 uec
769 2695 973 2780 conloquatur,
999 2696 1050 2758 aed
1072 2717 1176 2778 aemuia,
1200 2697 1225 2757 εἰ
1248 2719 1322 2781 opus

141 2807 238 2886 fuerit,
263 2807 349 2869 verba
364 2806 472 2893 faciut.
523 2803 617 2868 Unde
641 2803 743 2885 liquet
767 2804 928 2866 canticum
960 2823 979 2866 a
1001 2803 1211 2884 grammatico
1235 2805 1321 2866 intra

140 2913 364 2977 monodiarum
387 2913 540 2976 terminos
565 2911 706 2974 coerceri
730 2913 763 2972 et
785 2907 924 2972 diverbii
951 2929 1066 2972 nomen
1091 2910 1138 2972 ita
1160 2912 1320 2992 usmpari,

141 3027 178 3084 ut
201 3021 310 3084 omnia
325 3017 526 3098 dialogorum
549 3036 668 3098 genera
683 3013 841 3098 significet
867 3019 900 3079 et
924 3035 983 3097 per
1003 3035 1183 3079 sermonem
1208 3024 1240 3078 et
1263 3037 1322 3099 per

142 3135 272 3190 cantum
288 3124 512 3208 pronuntiata,
538 3121 626 3204 quod
649 3123 746 3185 etiarn
770 3120 881 3185 Livius
900 3121 969 3186 VII
987 3125 1062 3203 a‚10
1086 3123 1154 3185 vult
1177 3122 1321 3204 intellegi

143 3233 267 3297 dicans:
300 3233 378 3294 Iride
401 3233 443 3294 ud
466 3253 590 3292 morarum
613 3229 728 3291 curatori
750 3228 935 3290 deditionibus
961 3240 1103 3312 combam,
1134 3230 1321 3314 diuerbiaque

143 3351 259 3402 tautum
281 3342 413 3424 ipsorum
438 3340 503 3400 uoci
522 3337 633 3399 relicta.

231 3445 345 3527 Neque
377 3466 451 3509 uero
483 3445 567 3508 hano
591 3442 783 3508 sententiam
807 3450 982 3525 sequuntur
1006 3441 1115 3505 Plauti
1138 3439 1320 3506 fabularum

141 3553 216 3617 libri
239 3553 391 3632 Palatini,
415 3553 449 3615 in
473 3548 589 3632 quibus
613 3551 739 3614 cantica
762 3550 871 3612 littera
887 3546 925 3628 O,
951 3546 1097 3612 diverbia
1119 3548 1234 3612 litteris
1254 3548 1321 3612 DV

143 3661 315 3742 aliquoties
348 3662 461 3724 notata
492 3667 576 3738 suut,
611 3656 708 3738 idque
744 3677 781 3719 eo
813 3655 918 3736 modo,
958 3663 993 3716 ut
1023 3675 1087 3717 nou
1118 3655 1180 3718 nisi
1210 3661 1320 3737 partes

144 3768 278 3831 senariis
300 3766 440 3830 inclusas
461 3761 614 3843 diverbia,
639 3763 778 3844 reliquas
796 3770 903 3826 autem
926 3765 1036 3843 partes
1060 3781 1171 3825 omnes
1194 3753 1321 3826 cantica

143 3875 321 3955 nuncupari
352 3873 456 3953 quiuis
487 3869 635 3954 videat.¹)
690 3867 755 3933 Sed
785 3869 915 3932 tertiam
952 3867 1143 3932 senteutiam
1175 3867 1321 3932 defendit

143 3977 322 4064 Donatusi)
350 3980 384 4041 in
411 3976 511 4062 praef.
559 3975 709 4040 Eunuchi
736 3997 766 4060 p.
792 3977 911 4056 266,16
931 3973 1076 4038 Wessn.:
1110 3972 1262 4038 Deverbic
1289 3977 1321 4037 iu

142 4087 195 4150 ida
218 4085 319 4148 crebro
338 4087 534 4169 pronuntiatu
550 4095 577 4147 et
599 4085 714 4146 ooutiou
736 4104 823 4166 saepe
838 4082 961 4144 oculatis
976 4081 1072 4144 modio
1088 4079 1216 4144 cultibitu
1236 4093 1321 4142 atrro:

234 4303 255 4368 ¹)
274 4299 391 4364 Ritsohl,
410 4297 479 4350 llus.
492 4295 582 4350 Rhen.
596 4295 696 4350 XXVI
709 4297 824 4363 599sqq.
836 4319 869 4340 -
880 4293 982 4362 Opuao.
995 4291 1043 4347 111
1055 4293 1090 4346 88
1096 4310 1154 4362 sqq.

233 4390 254 4457 1)
273 4387 315 4441 Of.
326 4388 410 4442 etiam
419 4387 507 4455 praei.
518 4385 604 4440 Andr.
615 4402 642 4452 p.
651 4383 863 4450 eo‚1awessn.;
876 4384 963 4452 praet.
974 4381 1085 4436 Phorrn.
1095 4397 1122 4450 p.
1135 4381 1212 4449 14,17
1224 4381 1319 4448 Redi:

143 4477 228 4545 praef.
248 4475 317 4529 Heu.
336 4475 558 4545 plataneis.
