3340 5358
875 527 1095 584 -10..

281 731 282 738 ,
400 701 469 784 111);
503 700 589 782 apud
614 698 803 763 Anaxilaru:
838 719 931 781 anap.
957 700 1086 764 dimetri
1110 700 1191 786 (18),
1213 702 1359 782 glyconci
1383 701 1465 785 (13),
1497 702 1574 766 dao-

396 808 586 889 tyloepitriti
621 815 654 868 et
684 815 810 870 tetram.
844 807 954 869 cretici
987 805 1076 891 (12);
1112 807 1199 889 apud
1231 807 1439 872 Axionicum:
1477 819 1593 892 anap.'

397 922 537 996 systema
561 913 624 998 (4);
650 913 737 995 apud
762 913 962 995 Epicratem:
987 934 1081 995 anap.
1106 917 1245 995 systema
1269 914 1352 998 (11),
1378 937 1451 978 cnm
1474 915 1573 980 Nico-

397 1030 514 1084 stratus
538 1019 694 1102 pracbeat
717 1022 889 1102 glyconeos
913 1020 927 1106 (
949 1019 972 1104 ).

484 1125 558 1210 Qua
581 1149 620 1190 cx
645 1129 885 1190 enumeratione
910 1127 1108 1208 intellegitur
1131 1127 1225 1191 huius
1246 1127 1433 1192 comoediae
1456 1145 1572 1212 poetas

396 1235 474 1298 satis
487 1235 587 1298 multa
603 1239 780 1297 metrorum
796 1254 915 1315 genera
931 1254 1112 1316 usurpasse,
1131 1235 1216 1298 inter
1232 1255 1315 1316 quae
1332 1255 1425 1318 anap.
1443 1236 1572 1300 dimetri

396 1351 428 1404 61
445 1341 529 1404 dact.
548 1340 725 1404 hexametri
742 1341 888 1421 inprimis
905 1341 1102 1422 praevalent.
1143 1340 1265 1404 Verum
1283 1361 1379 1423 grave
1397 1343 1569 1406 discrimen

397 1470 434 1512 6ο
465 1450 498 1509 in
529 1467 645 1527 genere
677 1456 726 1510 est
757 1449 841 1510 inter
873 1448 962 1510 illam
986 1452 1018 1509 et
1042 1447 1250 1529 comoediam,
1282 1469 1378 1530 quam
1406 1451 1572 1532 appellant

395 1575 519 1618 novam.
560 1553 592 1618 N
594 1575 644 1618 am
661 1556 694 1617 in
711 1575 795 1618 nova
809 1563 939 1637 praeter
954 1556 1137 1618 trimetrum
1154 1563 1186 1617 et
1202 1560 1435 1636 tetrametrum,
1450 1555 1571 1638 dialogi

395 1683 513 1742 versae,
538 1682 602 1724 non
620 1661 681 1724 nisi
699 1682 864 1743 perpauca
879 1663 1086 1724 inveniuntur
1102 1669 1217 1724 metra:
1243 1661 1331 1743 apud
1347 1661 1570 1744 Menandrum,

394 1771 450 1851 qui
465 1769 634 1850 primarius
659 1774 709 1832 est
724 1777 844 1846 auctor,
870 1768 934 1832 duo
951 1767 1460 1852 l1·ag1uentaanapaestica(312,
1480 1772 1569 1854 313),

394 1898 476 1939 unus
501 1874 915 1959 (1661.1161(61116161(443),
941 1895 1004 1956 quo
1022 1873 1155 1955 accedit,
1180 1874 1268 1956 quod
1293 1872 1428 1939 ansius
1445 1875 1567 1940 Bassus

394 2005 423 2064 p.
450 1985 524 2062 255,
544 1987 584 2044 10
608 1991 723 2064 poetae
755 1991 866 2046 nostro
889 1981 1117 2064 ithyphallicos
1141 1983 1175 2044 in
1199 1981 1374 2046 Phasmate
1407 1981 1567 2046 adhibitos

395 2087 506 2152 tribuit
523 2099 555 2151 et
570 2087 693 2151 Marius
710 2085 899 2153 Victorinus
917 2087 957 2150 de
974 2087 1156 2170 Eupolideo
1174 2088 1255 2151 dicit
1277 2096 1379 2152 metro
1396 2111 1427 2171 p.
1447 2093 1566 2170 104,5:

395 2197 534 2280 errenquo
550 2196 728 2280 plerumque
749 2198 833 2279 aprtd
857 2197 981 2257 66611666
1001 2197 1030 2256 iu
1047 2193 1172 2279 Diphili
1187 2206 1212 2257 et
1227 2195 1392 2258 Menandri
1411 2198 1568 2258 6611661111(

394 2305 593 2388 reperiemur.
641 2301 672 2364 N
675 2323 712 2365 ec
728 2321 803 2365 vero
820 2303 913 2365 aliter
929 2322 980 2365 166
997 2323 1030 2365 66
1047 2301 1146 2366 habet
1169 2301 1257 2384 apud
1273 2301 1451 2384 Diphilum,
1477 2304 1566 2366 cuius

394 2411 426 2472 in
450 2409 638 2491 fragmentis
662 2414 843 2490 occurrunt,
866 2414 996 2491 praeter
1018 2409 1105 2490 quod
1124 2409 1441 2473 commemoravimus
1459 2409 1567 2490 [liupo-

393 2515 523 2598 lideum,
548 2516 633 2578 dact.
665 2515 843 2579 hexametri
868 2515 972 2601 (128),
1005 2518 1151 2598 enoplius
1176 2522 1208 2579 et
1231 2515 1458 2598 ithyphallicus
1483 2516 1565 2601 (12),

394 2643 466 2686 cum
500 2622 672 2704 Adespota
709 2622 786 2685 nihil
819 2623 880 2686 nisi
919 2643 1013 2706 anap.
1048 2623 1201 2686 dimetros
1242 2622 1435 2706 (787-113),
1471 2645 1565 2704 ((116)).

393 2737 596 2794 tetrametros
633 2729 824 2814 (raa-85),
860 2729 962 2793 trech.
999 2730 1152 2793 (1111161166
1185 2727 1278 2809 (781)
1314 2729 1501 2791 contineant
1538 2739 1568 2791 et

393 2836 595 2919 Apollodori,
642 2836 848 2917 Philemonis,
893 2837 1047 2917 Dioxippi
1087 2834 1267 2914 fragmenta
1305 2834 1400 2915 plane
1436 2841 1568 2898 careant

392 2946 503 3006 metris
527 2945 645 3025 lyricis.

481 3049 646 3113 Hieratis
671 3051 806 3131 cognitis
832 3049 957 3112 exsistit
982 3051 1137 3130 quaestio,
1163 3053 1321 3128 quatenus
1338 3047 1508 3112 Terentius
1534 3051 1566 3110 in

393 3153 538 3219 versibus
556 3155 710 3238 eligendis
729 3157 876 3238 exempla
892 3175 950 3218 sua
967 3163 1094 3219 secutus
1112 3155 1161 3218 sit.
1210 3154 1322 3236 Atque
1339 3154 1419 3218 haec
1435 3154 1565 3236 quidem

394 3265 541 3344 quaestio
576 3264 710 3326 multum
749 3262 847 3327 habet
885 3261 1097 3326 difficultatis.
1156 3261 1388 3324 Verumtamen
1428 3261 1565 3342 primum

394 3369 567 3434 dicendum
588 3379 637 3433 est
658 3369 823 3434 dochmios
841 3378 873 3432 61
893 3367 1026 3448 iambos,
1053 3387 1192 3450 syncope
1218 3388 1315 3450 quam
1340 3368 1453 3431 dicunt
1475 3367 1565 3430 adhi-

393 3476 464 3540 bita
480 3480 674 3556 contractos,
699 3496 780 3557 quos
807 3477 841 3539 in
866 3477 1008 3540 carmine
1024 3473 1247 3541 Grentelliano
1264 3474 1450 3556 frequentes
1475 3495 1566 3556 repe-

396 3585 501 3659 rimus,
520 3584 550 3646 in
568 3583 676 3647 media
692 3589 725 3648 61
740 3605 823 3647 nova
839 3565 1007 3647 comoedia
1023 3581 1224 3648 Graecorum
1244 3581 1431 3645 desiderari.
1462 3581 1566 3644 Immo

395 3691 533 3754 maxime
564 3696 737 3754 occurrunt
771 3691 953 3772 fragmenta
983 3689 1192 3771 anapaestica
1223 3697 1256 3752 61
1290 3687 1469 3772 dactylica,
1494 3710 1565 3750 eum

394 3797 575 3878 fragmenta
609 3803 787 3861 metrorum
818 3797 1037 3877 Aeolicorum,
1073 3795 1174 3860 trech.
1205 3797 1394 3878 tetrametri,
1430 3794 1574 3872 dimetri,

393 3884 488 3966 iamb.
527 3907 715 3985 tetrametri,
763 3905 872 3968 cretici
911 3906 1092 3969 tetrametri
1130 3905 1233 3967 rarius
1273 3901 1564 3984 deprehendantur.

393 4010 510 4092 Itaque
541 4011 573 4074 in
599 4011 768 4074 comoedia
794 4011 925 4075 (lraeca
948 4010 1077 4074 fabulas
1102 4011 1271 4091 exstitisse,
1304 4031 1387 4092 quae
1420 4008 1579 4072 habiturn

392 4115 540 4180 Andriae
557 4123 785 4197 monstrarent,
806 4118 840 4180 id
858 4125 907 4181 est
923 4116 1074 4182 diverbiis
1090 4119 1338 4200 interponerent
1354 4117 1483 4179 cantica
1504 4136 1566 4178 non

393 4225 512 4287 666116
536 4225 615 4288 66116
643 4221 791 4288 iambicis
825 4235 858 4287 et
882 4223 1070 4305 trochaicis,
1103 4225 1161 4288 sed
1193 4226 1289 4288 etiam
1316 4223 1456 4298 creticis,
1489 4243 1565 4286 ana-

392 4331 556 4413 paesticis,
582 4331 750 4414 dactylicis
775 4333 964 4414 composita,
990 4351 1084 4395 nemo
1108 4329 1309 4395 infitiabitur.
1357 4329 1408 4393 De
1432 4330 1564 4411 reliquis

394 4459 470 4501 vero
494 4439 670 4504 comoediis
694 4438 909 4516 Terentianis,
936 4459 1020 4520 quae
1045 4459 1084 4501 116
1109 4441 1143 4500 in
1168 4438 1302 4500 canticis
1328 4436 1458 4518 quidem
1482 4438 1562 4500 ultra
