3340 5358
590 561 809 620 ..19-

199 737 285 802 Nam
302 737 377 801 inde
402 760 422 800 u
437 757 532 802 versu
549 740 613 799 298
628 735 791 800 Parmeno
807 738 926 802 malam
942 737 1157 821 suspicionem
1172 740 1286 820 incipit

101 843 266 929 prolerre.

199 950 265 1016 Ad.
291 954 354 1014 302
362 972 408 1033 sq.

178 1057 244 1123 sot
265 1061 317 1122 res
335 1067 468 1142 repente
492 1057 736 1122 circumvallant
759 1077 802 1137 se,
826 1057 912 1122 unde
936 1059 1056 1142 emergi
1078 1062 1143 1122 non
1165 1064 1286 1141 potest:

177 1164 236 1230 Vis
261 1169 387 1247 egestas
411 1164 570 1229 iniustitia
592 1163 731 1228 solitudo
754 1163 896 1230 infamia.

199 1269 273 1354 Quo
292 1271 367 1336 ‚loco
386 1279 519 1354 propter
541 1272 815 1335 enumerationem
838 1271 1022 1356 rhythmum
1044 1275 1164 1338 mutari
1184 1277 1286 1356 patet

200 1377 302 1443 Haut.
329 1381 391 1442 186
399 1399 445 1461 sq.

178 1483 225 1549 Ut
256 1485 340 1549 hene
371 1485 531 1549 laetitiam
563 1484 769 1568 necopinanti
799 1489 922 1566 primus
945 1482 1107 1550 obicerem
1131 1490 1160 1550 el
1184 1482 1285 1549 domil

181 1576 291 1674 dtqne
300 1592 401 1656 etiam
413 1612 498 1655 nunc
508 1593 636 1674 tempus
648 1599 706 1655 est.
717 1589 829 1656 lOare
840 1591 935 1656 laxis:
950 1612 1015 1656 non
1027 1613 1108 1675 opus
1121 1595 1178 1675 est,
1187 1600 1289 1675 pater.
1359 1627 1362 1636 ·

203 1715 309 1783 Versu
326 1719 399 1797 187,
425 1717 482 1798 qui
504 1715 648 1779 ordinem
674 1736 730 1779 sex
750 1718 986 1781 octonariorum
1012 1714 1108 1780 iamb.
1126 1715 1287 1799 excipiens

108 1824 276 1888 canticum
287 1822 368 1905 finit,
382 1821 538 1888 Chremes
550 1843 571 1886 a
581 1821 648 1886 filio
659 1821 694 1886 in
706 1822 803 1886 ricini
814 1821 946 1887 domum
957 1824 1077 1887 intrare
1088 1821 1287 1906 prohibetur.

204 1945 389 2012 Consimilis
414 1947 498 2011 ratio
522 1955 572 2011 est
594 1967 744 2011 versuum
767 1947 851 2012 Eun.
878 1951 995 2030 223sq.

181 2053 327 2118 Tandem
357 2075 422 2118 non
456 2075 516 2136 ego
547 2054 637 2118 illam
667 2056 804 2134 caream,
840 2056 868 2118 si
903 2055 944 2118 sit
978 2058 1069 2138 opus,
1104 2055 1155 2118 vel
1184 2062 1287 2119 totum

435 2159 598 2225 triduom?
636 2159 741 2242 cliui,

183 2249 380 2332 Universum
403 2263 569 2332 triduom?
592 2266 664 2331 vide
688 2266 765 2349 quid
788 2288 875 2349 agas.
905 2265 1007 2332 astat
1029 2269 1199 2348 sententia,

205 2395 277 2438 cum
294 2375 392 2439 etiam
409 2373 512 2438 trech.
530 2375 730 2455 septenarius
745 2377 819 2456 224,
836 2374 979 2457 quinque
994 2372 1091 2439 iamb.
1107 2374 1289 2440 octonarios

112 2481 324 2564 subsequens,
350 2482 511 2545 canticum
535 2479 675 2544 claudat.

208 2587 291 2653 Eun.
317 2590 435 2670 653sq.

182 2693 316 2776 lRogas
328 2690 403 2758 me?
420 2692 600 2757 eunuchum
614 2695 710 2774 quem
727 2692 844 2757 dedisti
859 2691 952 2757 nobis
965 2713 1046 2776 quas
1062 2693 1174 2758 turbas
1186 2693 1289 2759 dedit!

185 2799 291 2885 Quem
311 2821 386 2865 crae
402 2799 468 2864 don
480 2799 636 2865 ediderat
650 2799 752 2881 miles,
768 2800 925 2882 virginem
940 2801 1073 2864 vitiavit.
1097 2797 1206 2882 cQuid
1221 2797 1291 2865 aie?

205 2925 314 2989 Versu
343 2928 409 2989 654
432 2944 582 2988 numerus
606 2928 748 2989 mutatus
770 2922 898 2988 videtur
928 2945 998 2989 esse
1020 2923 1105 3006 ideo,
1128 2924 1215 3007 quod
1237 2924 1291 2990 hic

114 3032 256 3116 primum
279 3052 299 3096 a
322 3030 482 3114 Pythiade
505 3031 628 3095 factum
651 3033 756 3114 ipsum
779 3038 936 3096 narratur.

206 3155 337 3221 Phorm.
363 3160 425 3220 186
433 3177 479 3237 sq.

184 3260 383 3346 Loquarne?
406 3262 591 3342 incendam
608 3259 755 3326 taceam?
778 3264 942 3344 instigem
963 3267 1097 3346 purgem
1112 3260 1185 3327 me?
1210 3264 1290 3327 late·

359 3440 363 3446 ,
437 3374 506 3434 rem
529 3370 644 3434 lavem.

185 3475 261 3541 Heu
293 3499 343 3540 me
378 3477 545 3541 miserum!
580 3480 677 3560 quom
707 3476 787 3540 mihi
816 3496 929 3560 pareo,
964 3481 1034 3540 tum
1066 3461 1210 3559 dntipho
1241 3497 1292 3541 me

442 3583 606 3648 excruciat
629 3583 737 3648 animi.

207 3709 318 3772 Etiam
335 3707 388 3772 hic
403 3710 529 3772 numeri
545 3708 682 3773 mutatio
704 3729 761 3772 cur
783 3706 840 3772 fiat
854 3707 949 3773 facile
964 3708 1168 3791 intellegitur.
1206 3706 1291 3771 Nem

115 3835 212 3880 versu
245 3819 306 3879 187
341 3812 428 3880 Geta
459 3815 599 3880 animum
630 3814 770 3879 intendit
799 3816 833 3877 in
864 3813 1030 3878 dominum
1058 3813 1292 3897 Antiphonem,

115 3943 192 3987 cum
216 3922 322 3986 adhuc
347 3922 387 3986 de
411 3942 470 3986 sua
493 3930 579 3986 sorte
602 3920 723 3985 infelici
746 3919 845 3986 verba
868 3921 991 3985 fecerit.

208 4046 337 4111 Phorm.
364 4049 480 4129 ltosq.

185 4153 301 4236 zQuid
320 4155 405 4218 istuc
429 4150 501 4217 est?
524 4152 696 4236 lRogites,
721 4156 777 4233 qui
800 4163 866 4217 tem
890 4150 1022 4216 audacis
1038 4150 1192 4216 facinoris
1215 4151 1295 4216 mihi

442 4256 622 4324 consciu's?

184 4363 282 4450 Quod
298 4369 422 4432 utinam
446 4389 485 4430 ne
502 4365 693 4431 Phormioni
711 4366 744 4430 id
762 4364 898 4430 suadere
914 4364 947 4429 in
963 4370 1104 4430 mentem
1118 4364 1293 4431 incidisset.

209 4473 316 4538 Versu
343 4477 403 4537 157
433 4482 529 4557 poeta
553 4493 720 4539 numerum
743 4472 941 4536 trochaicum
964 4471 1092 4537 videtur
1118 4471 1293 4555 induxisse,
