3340 5358
838 481 1059 542 ...36-

823 661 853 720 8.
877 655 977 721 Haut.
1003 659 1077 720 178.

452 774 558 840 Clinia
591 795 664 840 curn
700 775 814 838 anxius
848 793 888 837 ao
921 771 1087 854 sollicitus,
1127 771 1215 854 quod
1249 779 1358 836 amata
1392 769 1546 835 nondum

363 884 465 963 adest,
489 884 523 946 in
547 881 642 946 domo
666 888 818 960 versetur,
843 877 986 962 Clitipho
1002 881 1141 946 amicum
1160 881 1248 944 omni
1263 877 1360 943 modo
1377 879 1545 944 consolari

362 989 470 1055 studet
484 988 628 1053 versibus
646 989 807 1067 175-77,
834 1007 914 1070 quos
931 986 1067 1052 dimeter
1089 989 1192 1070 patris
1208 985 1391 1050 trochaicus
1411 981 1545 1062 Qur'wm

363 1099 490 1184 loquitar
520 1091 630 1182 filices?
667 1094 789 1160 claudit
821 1095 879 1176 ita,
918 1102 954 1157 ut
988 1093 1049 1158 hoc
1088 1114 1217 1177 quoque
1251 1093 1323 1158 loco
1359 1093 1542 1157 clausulam

362 1205 592 1268 sententiarum
623 1206 748 1285 partem
771 1223 844 1266 cum
867 1203 1024 1283 gravitate
1049 1202 1221 1266 terminare
1245 1199 1452 1264 manifestum·
1481 1202 1535 1262 sit.

676 1356 695 1414 9
720 1357 753 1416 et
778 1358 827 1416 10.
850 1351 980 1416 Phorm.
1008 1355 1069 1415 183
1094 1360 1127 1416 et
1151 1355 1223 1417 191.

452 1467 548 1550 Geta,
584 1471 639 1552 qui
673 1469 770 1533 modo
806 1468 848 1532 ad
882 1477 1011 1551 portum
1045 1467 1210 1532 dominum
1244 1489 1338 1532 suum
1369 1469 1539 1549 conspexit

360 1577 559 1658 redeuntem,
598 1575 729 1639 domum
768 1580 923 1658 proporat
959 1577 1127 1658 primoque
1166 1573 1207 1638 do
1245 1573 1352 1639 subito
1388 1576 1537 1658 queritur

361 1685 515 1767 periculo,
550 1704 631 1765 quos
662 1703 772 1746 versus
806 1685 956 1746 179--83
988 1680 1187 1765 Antiphonis
1220 1680 1321 1745 rerba
1359 1677 1440 1758 and
1471 1681 1537 1744 illic

361 1793 519 1853 commotas
539 1791 639 1853 venit?
663 1791 783 1872 optimc
798 1788 982 1852 terminant.
1019 1787 1101 1852 Tum
1117 1809 1192 1851 vero
1216 1787 1258 1851 ad
1276 1787 1535 1870 desperationem

362 1897 531 1977 adductus,
563 1895 641 1979 quid
672 1895 779 1976 iaciat,
815 1897 957 1960 animum
987 1900 1089 1960 totum
1125 1894 1168 1958 ad
1198 1894 1364 1959 dominum
1395 1895 1534 1959 intendit

360 2005 508 2068 iuvenem
535 2023 638 2084 usque
666 2001 707 2067 ad
735 2022 862 2065 versum
894 2004 1054 2070 canticum
1078 2000 1282 2066 claudentem
1308 2004 1385 2064 191:
1423 1997 1533 2078 Quam-

360 2133 432 2172 nam
453 2110 501 2172 tic
515 2110 627 2196 jupam
649 2120 700 2172 aut
715 2108 837 2191 scuriam
854 2105 970 2192 parat?
1358 2099 1361 2106 Δ

824 2254 874 2314 11.
897 2251 978 2315 Hoc.
1004 2255 1077 2314 520.

399 2454 401 2458 y
450 2367 604 2452 Myrrina,
637 2367 723 2450 quod
747 2369 881 2432 maritus
904 2367 989 2431 filiae
1019 2367 1176 2431 infantem
1208 2368 1289 2431 clam
1321 2374 1431 2432 natum
1464 2388 1530 2431 esse

362 2476 493 2557 audivit,
526 2477 666 2540 maxima
688 2473 931 2558 perturbatione
955 2483 1116 2538 commota
1145 2477 1179 2538 in
1207 2496 1357 2539 scaenam
1380 2458 1531 2556 procedit.

360 2581 475 2664 Neque
499 2581 630 2646 difficile
655 2592 703 2646 ost
722 2583 852 2664 cognitu
869 2583 1098 2646 sententiarum
1114 2591 1239 2665 partem
1255 2581 1392 2645 dimetro
1410 2579 1529 2660 Dicens,

360 2712 419 2751 con
459 2688 562 2774 edcpdl
598 2689 656 2752 scio
690 2687 865 2768 terminari,
905 2709 977 2752 cum
1012 2709 1107 2753 versu
1142 2697 1294 2770 sequente
1333 2687 1395 2750 Sed
1429 2689 1531 2750 ostizaa

361 2798 529 2881 concrepuit
552 2806 600 2858 etc.
624 2816 709 2859 nora
733 2795 894 2859 sententia
916 2795 1095 2859 inducatur.

669 2949 719 3009 12.
743 2945 827 3010 Hec.
853 2950 931 3025 6123
957 2946 997 3009 cl.
1020 2967 1051 3028 p.
1078 2951 1173 3010 3511.
1199 2951 1227 3010 3.

507 3039 523 3124 1'
544 3081 618 3142 ergo
641 3061 725 3124 intro
751 3065 784 3124 et
807 3063 963 3144 compone
987 3083 1070 3143 quae
1094 3067 1200 3125 tecum
1224 3063 1319 3124 simul

427 3167 600 3232 Perantur:
626 3167 702 3230 dixi.
737 3167 814 3232 zita
836 3173 872 3232 ct
894 3167 985 3232 iubes
1008 3167 1135 3232 faciam.
1161 3207 1201 3214 —
1226 3167 1357 3233 tPator.

675 3321 814 3381 13-15.
840 3318 921 3382 nun.
946 3322 1020 3398 noa,
1046 3322 1119 3398 ara,
1147 3323 1220 3382 ars.

448 3433 614 3498 Phaedria
633 3435 771 3516 imperat
791 3454 894 3514 servo,
918 3441 954 3496 ut
969 3435 1120 3498 ancillam
1144 3448 1177 3498 et
1193 3435 1374 3500 eunuchum
1397 3457 1528 3500 munera

359 3539 477 3604 'Phaidi
507 3539 664 3622 perducat
694 3539 838 3603 versibus
872 3543 1011 3620 207--8,
1044 3563 1123 3622 quos
1156 3543 1301 3606 clausula
1325 3545 1389 3606 209
1415 3563 1527 3626 magna

360 3631 432 3711 cum
470 3647 627 3728 gravitate
670 3645 842 3711 concludit.
902 3644 985 3710 Tum
1024 3668 1107 3711 nova
1145 3649 1325 3730 insequitur
1363 3651 1526 3714 sententia.

359 3753 519 3818 Parmeno
558 3755 642 3818 enim
681 3753 811 3817 domino
857 3775 915 3818 sno
953 3755 1067 3818 leniter
1113 3763 1275 3836 sumptum
1310 3757 1435 3820 crimini
1475 3755 1528 3820 dat

358 3861 542 3941 iterumque
564 3860 732 3941 pollicetur
760 3881 794 3924 se
818 3860 1043 3925 oboediturum
1067 3881 1151 3939 esse3
1184 3883 1246 3942 qno
1276 3862 1321 3943 fit,
1354 3865 1523 3927 utiterum

359 3966 451 4030 colon
477 3986 603 4030 sensum
627 3965 765 4030 claudat.
811 3965 907 4030 Nunc
929 3988 1013 4048 vero,
1042 3966 1204 4031 Phaedria
1229 3968 1334 4032 denuo
1357 3977 1526 4051 praecepta

355 4073 467 4153 dante,
498 4093 574 4154 pars
601 4073 716 4155 incipit
745 4074 850 4155 tertia,
885 4077 1004 4157 quain
1028 4089 1120 4156 parte
1144 4097 1272 4140 sensum
1296 4077 1440 4141 clausula
1464 4080 1522 4139 215

360 4179 471 4261 augeri
506 4187 539 4241 et
573 4179 750 4244 clausulam
785 4200 858 4243 cum
893 4182 996 4262 primo
1031 4201 1126 4246 versu
1161 4165 1392 4246 sententiarum
1427 4183 1523 4265 partis

358 4288 501 4349 iunctam
537 4305 606 4350 esse
641 4292 785 4369 apparet.
843 4285 896 4351 Ac
931 4286 970 4350 de
1005 4288 1155 4352 membris
1192 4291 1269 4354 satis
1309 4288 1431 4354 dictum
1467 4301 1523 4368 est;

358 4399 467 4470 restat,
514 4398 551 4455 ut
589 4395 770 4456 universam
807 4391 901 4458 huius
948 4396 1096 4458 carminis
1136 4396 1401 4478 compositionem
1439 4395 1523 4460 brevi
