3340 5358
846 541 1066 601 ..34-

371 722 503 801 propter
533 715 703 781 verborum
738 737 895 780 conexum
930 723 962 778 et
991 720 1125 798 propter
1159 735 1310 780 numeros
1342 717 1555 780 continuatos

373 823 543 889 cohaerere
567 832 644 906 puto
668 831 700 888 et
724 843 863 906 agnosco
886 822 940 886 hic
957 842 1084 904 quoque
1101 822 1278 886 clausulam
1302 831 1377 886 ante
1401 823 1556 887 ultimum

373 932 552 996 sententiae
576 951 703 994 versum
726 931 874 1012 positam.

850 1075 879 1136 8.
901 1070 969 1135 Ad.
997 1074 1069 1136 158.

441 1156 512 1263 Ego
535 1180 630 1244 istam
654 1180 762 1243 invitis
785 1176 933 1242 omnibus
951 1230 957 1245 .
976 1179 999 1242 .l

438 1283 700 1369 tQuamquamst
739 1287 902 1365 scelestus,
941 1288 1007 1348 non
1047 1287 1225 1349 committet
1258 1284 1355 1349 hodie
1395 1305 1552 1367 umquam

692 1394 809 1456 iterum
830 1397 868 1455 ut
890 1393 1030 1474 vapulet.

335 1543 339 1548 =
460 1498 612 1564 Amicam
639 1499 749 1562 fratris
773 1499 881 1563 lenoni
909 1499 940 1561 vi
965 1505 1109 1581 ereptam
1137 1497 1325 1563 Aeschinus
1353 1500 1387 1561 iu
1417 1498 1551 1563 domum

372 1627 464 1672 suam
487 1605 637 1686 traducit,
670 1625 742 1669 cum
765 1605 839 1668 leno
863 1605 1002 1669 clamore
1026 1605 1201 1669 insectetur
1224 1625 1325 1687 usque
1356 1604 1551 1669 adversum

374 1717 448 1794 159,
465 1713 521 1796 qui
536 1712 674 1796 primam
689 1716 816 1795 partem
833 1712 993 1776 terminat.
1025 1709 1058 1775 N
1060 1731 1113 1775 am
1128 1713 1163 1775 in
1177 1709 1321 1775 versibus
1339 1711 1550 1794 sequentibus

373 1817 493 1885 Sannio
524 1818 641 1883 iterum
671 1820 820 1882 iuvenem
851 1817 892 1882 ab
926 1820 1056 1900 incepto
1087 1816 1249 1882 abducere
1280 1827 1430 1899 conatur3
1461 1817 1550 1884 unde

373 1927 517 2010 sequitur
529 1927 707 1990 clausulam
717 1925 865 1990 ultimum
878 1924 1000 1989 ordinis
1009 1922 1193 2009 (ltu-59)
1206 1945 1332 1990 versum
1344 1923 1549 2008 praecedere.

373 2033 484 2115 Atque
524 2033 621 2096 etiam
659 2031 722 2110 hic,
761 2033 795 2094 ni
832 2030 937 2112 fallor,
977 2031 1121 2096 clausula
1159 2052 1232 2096 cum
1266 2053 1359 2097 versu
1394 2038 1549 2115 sequente

373 2139 555 2224 copulanda
577 2144 628 2204 est
649 2146 779 2222 praeter
800 2138 925 2202 numeri
948 2139 1223 2202 continuationem
1245 2143 1429 2220 propterea,
1460 2137 1549 2221 quod

372 2247 557 2311 Aeschinus
589 2244 787 2311 Sannionem
822 2243 928 2309 subito
963 2244 1135 2309 interfatur
1169 2265 1304 2328 eamque
1340 2244 1380 2309 oh
1416 2266 1548 2310 cansam

369 2349 482 2418 'remus
504 2353 683 2417 recitantur
705 2373 770 2416 uno
793 2360 913 2417 tenore.

822 2497 851 2557 9.
875 2494 979 2559 Haut.
1006 2497 1102 2561 1004,

439 2601 545 2685 quue
569 2601 651 2665 adeo
674 2603 785 2683 miror,
810 2603 874 2683 qud
898 2600 994 2666 modo

440 2707 522 2772 Tam
548 2708 694 2792 ineptum
725 2707 898 2791 quicquam
929 2706 988 2772 tibi
1019 2709 1127 2771 venire
1158 2709 1191 2771 in
1225 2711 1374 2786 mentem,
1410 2709 1454 2770 mi
1479 2709 1546 2788 uvir,

693 2817 844 2898 potuerit.

464 2921 618 2988 Chremes
634 2931 671 2986 ut
686 2921 727 2986 de
740 2923 874 2987 consilio
889 2920 991 2985 fihum
1003 2918 1184 2985 hereditate
1197 2919 1389 2985 excludendi
1402 2920 1546 3000 desistat,

376 3029 549 3094 amuliere
572 3029 758 3111 impellitur.
805 3025 879 3111 Quo
902 3028 937 3091 in
953 3028 1105 3108 carmine,
1129 3047 1327 3110 quamquam
1349 3048 1445 3091 versu
1462 3029 1545 3090 1003

373 3135 446 3201 finis
469 3135 614 3218 integrae
638 3135 817 3200 sententiae
840 3137 944 3218 partis
966 3155 1031 3199 non
1055 3137 1173 3214 existit,
1197 3139 1305 3198 tamen
1328 3155 1401 3198 mea
1417 3133 1546 3216 quidem

374 3243 534 3309 sententia
556 3241 727 3309 dimetrum
758 3263 830 3307 cum
853 3263 946 3306 versu
970 3250 1125 3324 sequente
1149 3241 1300 3324 copulare
1323 3261 1455 3306 necesse
1488 3249 1546 3320 est,

374 3351 453 3433 qnia
475 3358 508 3414 et
530 3370 680 3414 numerus
700 3350 869 3414 continuus
893 3357 926 3412 et
941 3347 1112 3413 verborum
1128 3368 1268 3412 conexus
1291 3347 1353 3412 hoc
1375 3349 1547 3430 postulant

375 3456 493 3540 Itaque
536 3455 707 3520 Terentius
745 3455 891 3519 clausula
935 3455 997 3518 hac
1039 3453 1081 3518 ad
1123 3453 1401 3538 perturbationem
1444 3455 1548 3520 conci·

375 3565 594 3644 tationemque
618 3563 717 3626 animi
741 3560 987 3626 describendam
1010 3563 1120 3626 utitur.

845 3707 895 3766 10.
918 3702 984 3768 Ad.
1010 3707 1082 3766 524.

444 3808 542 3895 Qudd
565 3811 593 3874 si
615 3810 744 3875 abesset
766 3811 905 3893 longius,

444 3916 538 3982 Prius
570 3937 634 3982 nox
657 3921 871 4000 oppressisset
900 3917 947 3980 illi
971 3936 1054 3997 eum,
1086 3936 1183 3998 quam
1214 3914 1276 3979 hirc
1299 3917 1418 3981 revorti
1441 3919 1549 4000 pesset

695 4024 823 4086 iterum.

466 4127 633 4213 Ctesipho,
666 4129 754 4213 quod
783 4139 908 4212 patrem
941 4127 1064 4194 audivit
1095 4129 1137 4193 ad
1166 4129 1276 4193 villam
1307 4150 1341 4194 se
1365 4130 1548 4208 contulisse,

377 4246 409 4302 et
423 4236 543 4319 gaudet
566 4244 599 4300 et
620 4235 717 4314 idem,
742 4257 782 4300 ne
803 4237 858 4301 ille
881 4256 957 4300 mox
975 4234 1096 4318 redeat,
1121 4237 1236 4301 timore
1252 4233 1399 4300 afficitur.
1439 4236 1548 4318 Atque

375 4343 439 4409 hcc
469 4345 540 4409 loco
572 4342 652 4407 illud
679 4342 811 4425 quidem
833 4344 1039 4426 perspicuum
1063 4351 1121 4425 est,
1146 4343 1322 4406 clausulam
1347 4345 1421 4423 524,
1455 4362 1548 4425 quam

377 4449 529 4516 adversus
541 4471 708 4515 numerum
716 4448 888 4515 verborum
897 4451 1148 4514 continuationis
1157 4449 1371 4514 causaversui
1379 4450 1549 4532 posteriori
