3340 5358
580 556 799 615 „13-

191 731 274 796 Rau.
301 734 489 795 lllo--loz

314 838 377 908 τοῖς
400 835 604 919 θεωμένοισιν,
630 837 671 907 ὡς
694 832 732 898 τὰ

528 939 623 1006 λεπτὰ
647 941 688 1027 μὴ
713 947 823 1026 γνῶναι
845 944 1002 1026 λεγόντοιν,

317 1048 411 1134 μηδὲν
435 1051 596 1136 ὀρρωδεῖτε
618 1049 714 1113 τοῦδ’·
739 1052 780 1120 ὡς

529 1156 583 1220 οὐκ
607 1155 655 1219 io’
679 1156 758 1220 οὕτω
782 1156 865 1220 ταῦτ’
890 1155 964 1242 ἔχει.

191 1266 302 1348 Eurip.
327 1265 447 1330 Phoen.
474 1269 662 1328 1030—31:

317 1370 423 1458 ἔφερες
447 1369 553 1456 ἔφερες
576 1368 656 1456 ἄχεα
678 1370 795 1455 πατρίδι

135 1545 139 1552 ,
529 1477 627 1563 φόνια·
653 1477 754 1562 φόνιος
778 1478 924 1540 ἐνδεῶν.

190 1587 313 1650 Ρίιοοα.
338 1591 505 1650 664-65ε

315 1695 410 1776 κρᾶτα
434 1692 536 1777 φόνιον
559 1691 734 1777 ὀλεσίθηρος
853 1709 855 1712 ·

529 1798 642 1870 ὠλένας
667 1799 757 1861 δικὼν
780 1799 890 1883 βολαῖς.

189 1907 424 1972 Timocreontis
447 1908 508 1990 frg.
534 1912 568 1972 8:

318 2012 436 2099 ὤφελέν
460 2013 498 2091 0³,
525 2014 550 2074 ὦ
573 2009 667 2099 τοφλὲ
691 2009 809 2076 Πλοῦτε
833 2013 908 2096 μήτε
930 2013 969 2096 γῇ
993 2007 1056 2096 μήτ’
1087 2013 1118 2075 ἐν
1141 2011 1277 2096 θαλάσσῃ

424 2116 488 2204 μήτ’
519 2121 550 2182 ἐν
573 2119 688 2206 ἠπείρῳ
711 2125 856 2206 φανῆρεν,

316 2224 393 2289 ἀλλὰ
417 2224 570 2312 Τάρταρόν
594 2250 626 2290 τε
650 2225 740 2290 ναίειν
764 2226 941 2312 κάχέροντα·
970 2223 1020 2289 διδ
1048 2223 1081 2289 οὲ
1108 2222 1165 2311 γὰρ
1192 2221 1271 2289 πάντ’

424 2330 478 2396 ἔστ’
509 2335 540 2395 ἐν
564 2333 733 2418 ἀνθρώποις
754 2332 841 2396 κακά.

102 2463 167 2524 quo
191 2443 224 2504 in
250 2440 397 2522 exemplo
413 2442 573 2505 sententia
597 2446 630 2504 st
648 2442 863 2523 interpunctio
886 2441 920 2505 in
942 2440 1005 2505 fine
1029 2443 1118 2505 tertii
1141 2439 1278 2523 dimoti,

103 2548 259 2612 catalonis
275 2548 309 2610 in
326 2546 408 2611 sexti
420 2546 644 2611 demonstrant
659 2567 715 2612 sex
727 2549 799 2611 colu
813 2548 846 2611 in
859 2546 940 2614 duas
952 2547 1104 2630 periodos
1115 2555 1280 2613 ternorum

101 2655 247 2720 colorum
271 2653 473 2736 disponenda
496 2673 575 2718 esse.

191 2760 368 2826 Praeterea
391 2765 500 2826 autem
523 2781 624 2826 unum
647 2762 762 2826 saltem
785 2763 966 2845 exemplum
991 2760 1131 2842 offertur,
1157 2763 1191 2825 in
1215 2781 1279 2843 quo
1383 2776 1386 2781 ·

102 2871 204 2932 etium
215 2868 323 2932 hictu·
336 2867 519 2933 admittitur
529 2869 563 2932 in
574 2867 638 2933 fine
650 2868 776 2952 pen'odi
788 2890 805 2933 e
817 2867 902 2933 binis
914 2868 1060 2934 dimetris
1068 2869 1279 2950 compositae:

99 2975 324 3039 Anacreontis
346 2975 404 3056 irg.
430 2980 484 3038 75:

319 3077 409 3143 Πῶλε
434 3079 557 3165 Θρῃκίη,
582 3081 610 3143 τί
633 3083 671 3165 δή
696 3105 733 3165 με

531 3186 616 3258 λοξὸν
639 3185 768 3270 ὄμμασιν
792 3188 941 3273 βλέποοοα

316 3295 429 3377 νηλεῶς
454 3293 582 3378 φεύγεις,
608 3294 722 3366 δοκέεις
746 3294 780 3356 δέ

531 3398 556 3484 μ’
580 3399 667 3464 οὐδὲν
692 3399 802 3466 εἰδέναι
826 3398 953 3490 οοφόν;Ιί

309 3500 391 3569 ”loti
414 3531 468 3584 τοι,
493 3509 593 3578 καλῶς
618 3506 671 3591 μὲν
695 3505 730 3572 ἄν
752 3532 798 3572 τοι

530 3611 581 3677 τὸν
604 3613 726 3700 χαλινὸν
751 3613 916 3700 ἑμβάλοιρι,

317 3721 402 3804 ἡνίας
426 3717 448 3782 δ’
479 3719 559 3807 ἔχων
583 3720 738 3806 οτρέφοιρί
760 3718 781 3783 α’

532 3826 608 3914 ἀμφὶ
631 3827 764 3913 τέρματα
787 3826 930 3918 optineo}

318 3931 381 3996 Νῦν
405 3932 440 3996 δὲ
463 3933 612 4018 λειρῶνιίς
634 3957 668 3997 τε
692 3935 814 4020 βόανεαι

532 4040 634 4128 κοῦφά
657 4065 690 4105 τε
714 4047 863 4126 σκιρτῶσα
885 4043 1010 4114 παίζεις·

318 4145 413 4218 δεξιὸν
437 4144 494 4233 γὰρ
518 4147 689 4235 ίπτοοείρην

533 4255 587 4319 οὐκ
611 4254 692 4341 ἔχεις
716 4254 916 4346 ἐιιεριβάτην.λΙ

192 4363 324 4427 Etenim
355 4364 430 4428 illae
461 4373 525 4428 tres
555 4362 681 4446 periodi
714 4385 754 4428 ex
777 4367 942 4447 quaternis
966 4374 1115 4430 constent
1137 4365 1281 4430 dimetris

103 4470 287 4550 trochaicis,
321 4491 456 4552 quorum
480 4471 611 4535 ultimus
635 4480 684 4535 est
707 4471 922 4553 catalecticus,
953 4491 1025 4536 cum
1052 4471 1131 4537 bine
1154 4472 1225 4537 colu
1246 4471 1280 4536 iu

1102 4579 1120 4630 2
