3340 5358
875 517 1094 578 ...42-

393 690 591 757 Conradtius
630 698 749 774 autem,
789 712 986 775 quamquam
1023 695 1093 776 ipre
1132 692 1216 758 hanc
1253 693 1461 776 partitionem
1500 717 1577 760 con·

392 799 501 863 fitetur
540 817 611 862 esse
650 802 783 880 rectam,
821 803 931 864 tamen
974 799 1015 863 de
1055 801 1114 865 illa
1151 801 1276 883 cogitur
1318 801 1491 886 decedere,
1538 825 1580 868 ne

392 905 564 970 formulam
602 926 695 970 snam
734 914 873 971 evertat:
912 905 1058 972 versibus
1096 910 1261 991 841-44,
1301 930 1437 992 qnorum
1477 932 1576 994 argu-

392 1017 537 1078 mentum
560 1011 662 1077 dividi
691 1014 815 1095 nequit,
846 1013 880 1076 in
911 1013 1078 1097 stropham
1101 1024 1134 1079 et
1161 1015 1397 1100 antistropham
1419 1014 1577 1082 binorum

392 1141 541 1185 versuum
558 1119 699 1200 diffissis,
716 1141 844 1184 versum
860 1124 925 1184 843
950 1130 1065 1186 contra
1079 1142 1191 1188 omnes
1214 1121 1354 1188 editores
1370 1123 1578 1189 trochaicum

392 1229 594 1293 octonarium
621 1228 706 1310 legit.
754 1226 820 1292 Ubi
847 1229 986 1312 primum
1014 1228 1145 1312 quidem
1172 1228 1379 1295 manifestum
1407 1236 1458 1295 est
1485 1229 1576 1296 Ocn-

391 1334 533 1400 radtium
556 1339 745 1416 argumento
768 1334 946 1400 insolenter
967 1336 1033 1400 vim
1056 1337 1211 1416 attulisse,
1236 1336 1354 1403 deinde
1378 1359 1453 1402 vcro
1477 1359 1576 1404 nemo

391 1461 457 1506 non
479 1439 659 1524 mirabitur,
691 1441 778 1524 quod
806 1463 845 1506 ex
868 1440 953 1506 binis
983 1447 1133 1507 constent
1155 1441 1300 1508 versibus
1324 1453 1358 1509 et
1380 1445 1518 1528 stropha
1543 1451 1576 1510 et

392 1547 606 1631 antistropha,
641 1570 680 1612 ex
716 1569 830 1613 novem
864 1549 998 1632 epodus.
1056 1548 1241 1631 Praeterea,
1277 1553 1350 1634 quis
1385 1552 1445 1616 hos
1476 1551 1575 1617 binos

391 1677 501 1721 versus
525 1655 676 1738 strophas
699 1653 901 1720 nominabit?

479 1797 585 1883 Quam
620 1820 688 1863 rem
722 1800 822 1863 multo
858 1798 1036 1882 planiorem
1070 1800 1150 1864 facit
1185 1799 1319 1866 Charini
1353 1802 1511 1868 monodia
1541 1805 1573 1866 in

390 1906 538 1970 Andriae
554 1905 699 1971 versibus
711 1909 881 1986 'eas-33,
903 1927 985 1989 quae
1002 1928 1023 1971 a
1038 1905 1218 1972 Oonradtio
1238 1909 1396 1973 inversus
1413 1913 1571 1973 625—29

391 2018 424 2077 et
455 2016 609 2077 630-33
649 2012 840 2095 disponitur.
898 2011 965 2078 Sed
1003 2034 1097 2078 versu
1129 2018 1193 2078 629
1233 2035 1344 2079 sensus
1380 2017 1571 2100 neutiquam

390 2119 540 2186 concludi
562 2125 679 2204 potest,
705 2141 778 2184 cum
800 2119 873 2183 finis
898 2119 1049 2204 strophae
1067 2119 1201 2185 Charini
1221 2121 1320 2186 rerba
1341 2124 1570 2188 molestissime

389 2231 617 2311 interrumpat:

458 2339 532 2400 629.
549 2314 663 2399 idnest
674 2333 807 2399 rerum?
831 2338 929 2398 immo
945 2333 981 2398 id
993 2343 1042 2398 est
1054 2338 1240 2418 pessumum
1252 2335 1418 2401 hominum
1431 2333 1569 2425 genusii

459 2446 532 2506 630.
549 2440 743 2526 Denegandi
765 2441 862 2506 modo
886 2446 957 2523 quis
980 2441 1087 2524 pudor
1108 2443 1242 2525 padlum
1265 2442 1369 2509 adest.

479 2567 651 2631 Eiusmodi
682 2555 780 2631 etiam
812 2575 887 2630 sunt
910 2566 992 2634 Eun.
1018 2570 1093 2648 211,
1118 2570 1197 2646 6243
1228 2565 1359 2632 Phorm.
1386 2571 1459 2649 187,
1493 2572 1566 2649 235,

390 2677 473 2753 4903
504 2672 587 2738 Heo.
620 2677 694 2754 283,
728 2677 808 2753 5223
838 2671 905 2738 Ad.
938 2677 1013 2755 291,
1048 2677 1126 2752 5243
1158 2673 1276 2757 quihus
1307 2675 1567 2740 omnibus-locis

390 2781 495 2863 gravis
518 2781 736 2864 interpunctio
761 2802 826 2845 non
849 2785 964 2845 exstat.

479 2905 613 2970 Maioris
645 2912 755 2970 autem
785 2908 950 2987 momenti,
986 2926 1084 2987 quam
1118 2905 1159 2970 de
1190 2904 1307 2988 quibus
1338 2906 1436 2972 modo
1467 2908 1567 2972 verba

390 2995 453 3077 ieci
477 3015 594 3094 causis,
626 3018 676 3076 est
699 3034 747 3093 ea,
781 3032 865 3094 quae
890 3020 1016 3095 spectat
1043 3012 1086 3077 ad
1107 3034 1318 3097 personarum
1345 3015 1565 3080 mutationem.

389 3118 500 3202 Atque
524 3119 577 3183 hio
606 3120 703 3202 paulo
726 3120 853 3202 longius
883 3117 962 3183 mihi
984 3118 1195 3204 repetendum
1218 3126 1268 3185 est
1291 3140 1339 3202 eo,
1373 3120 1461 3204 quod
1483 3121 1566 3188 hanc

389 3248 458 3290 rem
482 3224 677 3292 Oonradtius
701 3227 797 3309 plane
821 3227 970 3308 neglexit.
1016 3225 1090 3310 Qua
1111 3227 1146 3289 in
1169 3229 1358 3310 quaestione
1375 3226 1565 3293 deliberatio

391 3336 494 3399 omnis
525 3343 574 3398 est
596 3333 687 3413 haec,
722 3332 884 3415 quomodo
907 3335 941 3396 in
964 3334 1164 3398 canticorum
1192 3331 1345 3416 lontibus,
1375 3335 1409 3398 in
1433 3337 1567 3399 commis

390 3450 422 3504 et
445 3440 641 3505 carminibus
672 3439 855 3505 amoebaeis
879 3438 1065 3522 tragoediae
1090 3440 1341 3524 comoediaeque
1365 3439 1566 3530 Graecorum

391 3547 567 3612 secundum
603 3548 849 3629 responsionem
879 3546 1147 3630 antistrophioam
1178 3551 1376 3630 compositio,
1408 3569 1564 3631 personae

391 3660 585 3736 usurpentur
606 3657 760 3720 mutatae.

478 3777 532 3844 Ac
566 3781 705 3860 primum
744 3778 874 3860 quidem
912 3778 1083 3844 afferamus
1119 3800 1158 3844 ea
1192 3781 1343 3862 carmina,
1381 3781 1415 3844 in
1450 3779 1567 3863 quibus

391 3885 524 3950 eaedem
554 3906 712 3968 personae
744 3885 858 3950 eodem
888 3885 960 3950 loco
992 3887 1152 3951 alternant
1182 3892 1216 3950 et
1239 3886 1393 3970 strophae
1416 3897 1449 3950 et
1482 3889 1564 3950 anti·

391 3991 553 4075 strophae.
623 3990 767 4075 Quorum
817 4015 970 4057 numerus
1019 4014 1216 4076 quamquam
1264 4014 1460 4077 permagnus
1506 4001 1565 4072 est,

390 4106 499 4164 tamen
541 4101 646 4182 primo
689 4104 822 4182 aspectu
868 4096 1046 4164 offeruntur
1091 4101 1247 4184 exempla,
1293 4122 1376 4184 quae
1419 4110 1452 4164 et
1492 4109 1565 4184 post

391 4203 558 4288 stropham
582 4215 615 4270 et
643 4211 719 4289 post
741 4205 977 4289 antistropham
999 4207 1194 4272 histrionum
1223 4209 1386 4272 trimetros
1409 4210 1563 4287 inserunt,

389 4314 537 4394 personis
561 4313 766 4396 stropharum
788 4335 852 4378 non
877 4315 1018 4378 mutatis.

479 4437 520 4500 In
558 4437 642 4501 hanc
681 4438 817 4502 classem
855 4437 1058 4503 referendum
1093 4449 1142 4503 est
1179 4460 1308 4504 carmen
1342 4439 1497 4524 Aeschyli
1532 4443 1564 4503 in
