3340 5358
837 507 1055 568 ..40-

358 684 529 770 Sophoolis
544 681 660 750 Aiaoe.
707 681 913 767 Quamquam
930 685 1016 748 enim
1031 681 1145 748 Aiacis
1159 685 1298 766 primam
1317 691 1350 748 et
1366 683 1537 768 stropham

359 797 392 858 st
414 789 649 875 antistropham
663 789 732 856 bini
747 792 885 855 trimetri
901 789 990 855 ohori
1005 791 1180 874 exoipiuut,
1205 791 1362 855 tamenin
1377 791 1537 856 trimetris

359 899 492 964 alterins
521 897 673 981 strophae
705 916 808 980 unque
838 917 968 980 quaque
996 895 1172 962 Teumeson
1200 901 1293 962 tenet
1318 915 1393 962 enm
1416 898 1534 979 leonm,

359 1026 456 1090 quem
486 1005 603 1072 ohorus
632 1007 667 1070 iu
696 1003 911 1088 antistropha,
942 1009 976 1068 et
1007 1005 1075 1070 rioe
1106 1023 1207 1070 renea
1254 1001 1402 1070 Tertium
1426 1009 1534 1070 amm

358 1113 562 1199 stropharum
584 1133 646 1196 par
667 1111 815 1177 similiter
837 1131 876 1177 ao
897 1112 1036 1195 primum
1057 1111 1143 1176 binis
1167 1111 1320 1176 trimetris
1341 1109 1534 1178 Teumessos

359 1231 392 1287 et
414 1220 504 1287 ohori
526 1221 726 1286 terminatur.
773 1216 897 1303 Quodsi
919 1217 1108 1303 Antigonae
1131 1236 1292 1284 sommum
1313 1217 1533 1284 leel-rete
1662 1281 1664 1314 ,

359 1336 552 1412 spectamus,
582 1329 706 1410 primae
735 1326 838 1410 partis
868 1325 1065 1410 antepodium
1096 1345 1160 1392 uno
1188 1329 1334 1392 trimetro
1366 1343 1478 1392 oerore
1501 1331 1536 1392 et

358 1455 468 1501 versus
497 1437 671 1500 1278-83
704 1436 826 1515 nuntio,
861 1431 1004 1516 Oreonti,
1040 1436 1152 1500 nuntio
1188 1432 1287 1498 tribui
1317 1437 1352 1498 in
1381 1443 1535 1518 promptu
1663 1397 1664 1486 1

358 1551 418 1624 est,
436 1561 509 1608 onm
524 1544 558 1606 in
574 1541 781 1625 antistropha
795 1561 906 1606 versus
924 1545 1076 1606 leot-5
1092 1562 1113 1607 a
1128 1543 1242 1607 nnntio
1258 1542 1327 1607 solo
1342 1541 1535 1607 reddantur.
1663 1593 1664 1610 ,

358 1649 426 1716 Res
450 1654 558 1715 autem
581 1648 769 1714 facillimam
784 1647 928 1714 admittit
950 1648 1118 1714 medelam.
1163 1647 1249 1712 Nam
1264 1650 1298 1712 iu
1314 1647 1407 1714 libris
1421 1667 1536 1714 mann·
1663 1663 1664 1672 ¹

358 1757 486 1841 seriptis
510 1778 537 1821 ι.
563 1758 647 1822 1281
672 1757 824 1837 legrmtur
846 1755 942 1820 haee:

518 1861 547 1926 rt
570 1862 597 1925 δ’
613 1860 690 1926 ἔστιν
715 1859 752 1924 nd
775 1859 880 1925 κάκιον
901 1861 922 1945 ἢ
946 1865 1047 1926 κακῶν
1071 1859 1128 1944 dm
1181 1850 1187 1862 ⁸

449 1968 516 2036 Sed
555 1990 627 2034 oum
665 1990 775 2034 versus
814 1979 986 2053 corruptus
1029 1990 1124 2034 seusu
1162 1975 1281 2050 eareat,
1327 1972 1539 2036 mutauerant

359 2075 540 2162 Pflughius:

518 2183 547 2248 τί
570 2183 598 2247 δ’
613 2181 705 2262 doum
730 2185 750 2267 ἢ
773 2180 876 2248 κάκιον
900 2180 938 2247 ad
961 2188 1062 2248 κακῶν
1087 2181 1142 2262 dra

449 2290 490 2360 G.
512 2290 557 2358 H.
580 2291 697 2358 Mtiller
720 2291 860 2377 (emend.
885 2289 983 2374 Soph.
1007 2312 1038 2374 p.
1064 2291 1135 2378 61):

519 2396 547 2462 τ(
570 2393 593 2462 δ’
616 2395 678 2462 ἔστι
700 2395 738 2482 δὴ
762 2394 865 2462 κάκιον
887 2400 908 2482 ἢ
931 2403 1032 2463 κακῶν
1056 2395 1112 2476 ἔτι;

360 2527 441 2593 quae
473 2508 674 2576 oonieoturae
697 2527 762 2572 non
792 2505 978 2590 probamus,
1010 2508 1088 2589 quia
1117 2526 1178 2570 neo
1208 2503 1311 2570 κάκιον
1341 2509 1443 2570 κακῶν
1475 2527 1536 2574 neo

359 2612 461 2680 κάκιον
477 2615 497 2697 ἢ
513 2616 614 2678 κακῶν
630 2614 707 2678 ferri
722 2618 839 2696 potest
880 2611 1129 2697 Quamobrem
1144 2633 1254 2679 uersus
1269 2614 1333 2696 ille,
1352 2615 1408 2698 qui
1423 2614 1537 2680 turbat
1661 2636 1662 2655 ν

359 2723 610 2808 responsionem,
627 2728 663 2786 ut
678 2719 867 2786 insanabilis
884 2741 958 2786 eum
969 2719 1146 2786 Heiiandio
1162 2719 1317 2786 delendus
1329 2720 1465 2786 videtur.
1493 2721 1536 2786 In

360 2829 503 2896 secunda
525 2849 601 2894 vero
625 2827 768 2911 stropha,
800 2845 884 2910 quae
914 2826 1004 2894 ohori
1027 2826 1152 2894 duobus
1183 2826 1330 2894 versibus
1361 2827 1534 2911 clauditur,
1662 2848 1663 2931 j

360 2957 486 3022 semper
508 2933 685 3020 respondet
707 2934 907 3000 seuerissime
931 2935 1062 2999 nuntius
1087 2934 1185 3001 ehoro
1209 2934 1439 3019 antistrophae.

448 3040 575 3108 Eadem
598 3062 648 3106 res
673 3043 801 3124 egregie
820 3043 961 3126 perspici
984 3047 1094 3125 potest
1117 3063 1156 3107 ex
1171 3040 1353 3126 Oedipodis
1370 3041 1440 3109 Coi.
1465 3063 1536 3108 ver-

360 3148 447 3218 sibus
473 3151 637 3232 510-48,
662 3169 799 3234 quorum
815 3151 849 3214 in
864 3148 969 3234 prima
985 3148 1120 3232 stropha
1141 3158 1174 3215 et
1190 3149 1395 3234 antistropha
1418 3149 1537 3216 chorus

361 3266 392 3322 et
419 3255 565 3341 Oedipus
596 3255 772 3322 seeundum
802 3257 907 3339 legem
938 3257 1108 3337 alternant,
1138 3277 1212 3322 aum
1242 3259 1277 3322 in
1307 3263 1401 3341 parte
1432 3259 1538 3324 altera

360 3365 493 3430 eaedem
516 3384 675 3448 personae
699 3384 738 3428 ex
761 3362 898 3430 adverso
921 3371 1093 3448 ponantur.

449 3469 490 3536 In
515 3472 603 3537 nulio
626 3491 702 3536 uero
726 3469 916 3554 tragoediae
939 3479 995 3537 aut
1018 3471 1204 3538 comoediae
1223 3469 1369 3540 Graecae
1393 3473 1538 3540 ommino

361 3577 547 3658 amoebaeo,
572 3579 606 3644 ni
629 3576 734 3658 fallor,
758 3586 932 3644 occurrunt
947 3580 1104 3663 exempla,
1128 3580 1162 3643 in
1186 3579 1302 3664 quibus
1326 3589 1362 3646 ut
1376 3599 1538 3665 personae

362 3685 475 3752 eodem
506 3689 674 3752 mutantur
695 3684 778 3766 loeo,
809 3686 858 3750 ita
881 3685 960 3751 ordo
982 3707 1194 3770 personarum
1217 3687 1288 3770 lege
1318 3689 1441 3754 solutus
1465 3708 1538 3754 esse

362 3791 518 3858 videatur.
565 3789 672 3875 Quam
695 3790 738 3858 ad
761 3813 828 3858 rem
845 3792 924 3858 nihil
947 3792 1055 3876 refert,
1080 3802 1188 3858 utrum
1204 3815 1360 3878 personae
1383 3797 1418 3860 in
1440 3796 1538 3860 initio

362 3918 470 3966 uersus
496 3919 536 3964 au
559 3897 666 3964 madio
689 3901 723 3964 in
746 3920 841 3966 uersu
864 3899 1035 3966 alternent.
1360 3977 1366 3988 Ι

450 4005 565 4070 At-
589 4011 726 4087 quaerat
748 4004 801 4071 hio
829 4007 990 4090 quispiam
1013 4046 1058 4055 -
1081 4029 1187 4075 nonne
1211 4011 1370 4076 exsistunt
1398 4011 1535 4092 candoe,

362 4134 445 4198 quae
475 4111 691 4196 respondente
722 4133 933 4196 personarum
963 4117 1141 4181 mutatione
1174 4113 1307 4180 carent?
1351 4116 1440 4182 Illud
1469 4118 1538 4181 iam

362 4223 484 4284 attente
516 4219 794 4286 considerandum.
845 4217 931 4285 Nam
962 4223 994 4285 iu
1025 4222 1117 4288 Ionis
1148 4222 1292 4288 uersibus
1325 4227 1537 4289 aot-21:

362 4328 514 4390 aaa-45
539 4323 711 4410 ¹Euripides
735 4329 909 4392 maximam
930 4327 1093 4394 licentiam
1118 4327 1179 4395 sibi
1201 4327 1329 4396 videtur
1351 4332 1537 4415 permisisse

360 4451 409 4514 eo,
434 4432 522 4516 quod
546 4453 655 4499 omnes
672 4454 782 4499 versus
807 4439 840 4498 et
862 4433 1014 4520 strophae
1038 4443 1071 4500 et
1086 4436 1307 4522 antistmphae
1330 4437 1379 4506 illi
1403 4440 1535 4522 quidem
