3340 5358
841 513 1063 573 ..22-

366 698 475 759 autem
499 710 628 773 genera,
660 709 744 772 qnae
772 689 900 770 possint
926 691 1086 771 usurpari,
1115 707 1135 752 a
1158 687 1327 754 Victorino
1359 691 1563 752 tractantur

365 820 396 883 p.
410 802 505 880 79,1:
527 794 614 875 Quod
628 817 696 859 ceu
711 795 753 858 ad
768 794 924 866 chasalus,
940 795 976 857 id
990 806 1032 858 est
1046 795 1215 858 minusculo
1231 795 1304 866 cola,
1316 795 1460 879 pertinet,
1478 803 1563 879 quot

365 927 475 990 partera
505 925 640 966 ausuum
670 913 746 974 auat,
777 902 899 966 totidem
926 924 1028 964 eorum
1058 900 1191 965 membra
1213 923 1276 985 pro
1302 899 1445 962 clausulis
1471 902 1564 985 poni

363 1022 496 1098 possunt,
521 1021 546 1074 et
568 1011 659 1073 soleret
680 1011 711 1070 in
727 1010 848 1071 certares
871 1010 968 1092 mupis
983 1031 1076 1094 qaam
1087 1007 1244 1079 divertite,
1267 1031 1345 1093 quae
1361 1029 1397 1070 es
1413 1009 1561 1070 metretis)

366 1120 463 1203 mepte
484 1118 649 1198 atatam,
674 1116 821 1189 celhcari,
846 1126 874 1178 et
890 1117 1055 1201 metopae
1077 1115 1163 1200 apud
1180 1114 1323 1176 Plautum
1348 1124 1375 1176 et
1393 1113 1557 1177 Naevium

367 1237 394 1288 et
420 1225 596 1305 Afranium.
620 1245 693 1285 nam
716 1223 750 1285 ti
776 1224 906 1302 murima
929 1244 965 1286 cc
988 1221 1123 1286 ennias
1144 1221 1284 1285 eumue
1305 1243 1442 1284 curuum
1473 1221 1560 1284 velut

368 1331 437 1395 coles
459 1331 496 1393 ab
519 1331 563 1392 Iris
578 1332 724 1414 separatas
741 1330 856 1392 liaustu·
878 1331 925 1392 usi
938 1331 1123 1414 reperiuntur
1144 1331 1176 1391 ia
1191 1328 1342 1391 clausulis.
1381 1326 1556 1392 Numerus
1639 1365 1640 1414 p

367 1457 443 1502 vero
473 1435 700 1517 membrorum,
737 1456 820 1518 quae
852 1456 872 1499 a
906 1434 1058 1500 Terentio
1090 1434 1133 1499 ad
1164 1435 1324 1500 clausulas
1357 1433 1555 1500 efficiendas

368 1541 514 1608 adhibita
530 1551 613 1624 sunt,
637 1549 674 1606 ut
689 1544 818 1606 omnino
835 1541 1005 1606 Terentius
1021 1563 1042 1606 a
1057 1540 1167 1606 Plauti
1182 1562 1217 1606 re
1232 1543 1369 1606 metrica
1392 1540 1556 1606 abhorret

369 1659 401 1714 et
424 1649 466 1715 ad
494 1650 617 1714 formas
647 1647 734 1713 redit
756 1648 978 1731 simpliciores,
1009 1647 1096 1712 haud
1120 1669 1255 1731 magnus
1284 1653 1344 1712 est.
1391 1645 1555 1714 Omnium

368 1757 506 1822 maxime
529 1757 735 1820 inveniuntur
759 1756 831 1820 cola
845 1753 986 1820 iambica
1009 1761 1042 1819 et
1065 1777 1105 1820 ex
1128 1754 1178 1819 his
1193 1755 1448 1836 frequentissimi
1471 1765 1554 1819 sunt

370 1864 499 1928 dimetri
511 1864 684 1928 acataleoti
700 1889 976 1919 υυυυυυυ
984 1882 1125 1942 -,cum
1137 1864 1319 1926 trimetrum
1331 1861 1553 1926 acatalectum

369 1971 484 2050 radus,
516 1968 688 2032 dimetrum
708 1969 933 2033 catalecticum
957 1995 1204 2024 uuuuuu
1213 1974 1257 2018 -υ-
1281 1970 1423 2032 nonnisi
1447 1970 1552 2032 semel

370 2087 445 2159 post
457 2081 611 2159 quattuor
622 2079 828 2140 tetrametros
839 2073 1033 2140 bacchiacos
1048 2075 1200 2156 legamus.
1228 2073 1270 2138 In
1287 2096 1420 2139 numero
1436 2085 1551 2140 autem

370 2182 534 2248 trochaico
558 2181 761 2264 frequentior
782 2190 832 2246 est
855 2181 993 2245 dimeter
1013 2181 1219 2245 catalecticus
1244 2190 1552 2238 -υ-υ-ψε-

370 2296 572 2352 monometro
589 2289 780 2353 catalectico
798 2315 936 2369 -υ-,
961 2289 1017 2370 qui
1041 2287 1166 2352 duobus
1182 2289 1262 2353 locis
1279 2293 1387 2352 exstat
1402 2288 1552 2354 clausula

371 2396 578 2478 praecedens,
610 2394 748 2459 utillud
773 2415 902 2477 quoque
926 2395 1020 2458 colon
1052 2393 1214 2477 dactylicu
1270 2423 1377 2452 -υυ
1387 2423 1547 2452 -·υυ-

371 2501 437 2565 Ad.
461 2505 535 2564 610.

463 2605 609 2690 Quarum
632 2607 729 2672 modo
752 2607 815 2672 ieci
837 2609 1033 2672 mentionem
1050 2609 1278 2689 clausularum,
1304 2630 1358 2672 eas
1375 2607 1553 2672 Terentius

372 2714 433 2778 hac
457 2715 527 2796 lege
551 2713 709 2778 admiscet
737 2716 880 2794 canticis,
913 2724 1073 2797 utusque
1098 2735 1227 2798 quaque
1251 2736 1326 2779 cum
1349 2716 1453 2798 longis
1476 2736 1552 2779 ver-

372 2820 461 2886 sibus
486 2823 723 2904 coninngantur
754 2821 970 2886 continuitate
999 2823 1101 2886 metri.
1146 2821 1265 2904 Itaque
1297 2831 1330 2886 et
1357 2843 1430 2886 cum
1453 2841 1552 2886 versu

373 2936 528 3010 sequente
556 2927 740 3008 cohaerent,
772 2930 798 2991 si
828 2930 955 2991 initium
982 2927 1107 2991 faciunt
1135 2929 1264 3008 cantici,
1297 2933 1330 2992 et
1358 2948 1430 2992 cum
1453 2949 1553 2992 versu

373 3032 595 3112 antecedente,
628 3037 654 3096 si
686 3036 846 3098 canticum
879 3033 1047 3119 olaudunt;
1080 3034 1186 3100 medio
1218 3043 1325 3099 autern
1356 3036 1389 3099 in
1421 3036 1552 3099 cantico

374 3145 431 3204 aut
446 3141 552 3204 versui
567 3131 668 3222 priori
685 3147 743 3204 aut
758 3140 901 3205 versibus
919 3149 951 3206 et
963 3142 1134 3224 posteriori
1150 3149 1183 3204 et
1194 3143 1294 3224 priori
1311 3144 1553 3206 continuantur.

463 3243 527 3311 Sed
553 3243 749 3311 Conradtius
773 3247 868 3311 docet
892 3247 932 3311 de
955 3247 1116 3329 clausulis,
1145 3247 1297 3313 dimetros
1329 3253 1363 3312 et
1386 3249 1553 3312 trimetros

375 3361 546 3436 sequentes
577 3363 609 3417 et
632 3355 704 3417 cola
727 3353 953 3418 antecedentia
976 3381 1101 3410 -υ-
1126 3353 1173 3418 ita
1199 3356 1422 3437 usurparint
1444 3377 1552 3438 neque

375 3462 536 3524 canticum
566 3467 669 3523 totum
703 3479 809 3540 neque
841 3460 958 3523 cantici
988 3465 1098 3542 partes
1132 3459 1256 3540 finiant,
1296 3461 1353 3526 sed
1388 3483 1452 3527 non
1487 3465 1553 3526 nisi

375 3566 543 3648 longorum
555 3586 704 3629 versuum
715 3564 939 3630 additamenta
951 3566 1096 3649 putanda
1111 3568 1184 3631 sint.
1218 3567 1341 3632 Verum
1352 3569 1552 3633 Meissnerus

376 3671 437 3738 sibi
460 3672 622 3755 persuasit
648 3672 799 3736 clausulis
830 3674 936 3737 locum
967 3695 1031 3738 non
1054 3693 1124 3738 esse
1149 3675 1210 3738 nisi
1240 3680 1315 3756 post
1337 3676 1477 3756 primum
1499 3677 1553 3739 rel

375 3779 522 3843 ultimum
546 3777 666 3843 ordinis
683 3779 809 3844 stichici
833 3799 959 3844 versum
983 3791 1039 3844 aut
1068 3785 1143 3862 post
1171 3781 1312 3862 singulos
1337 3802 1447 3846 versus
1479 3803 1550 3846 ver·
1639 3807 1640 3882 ι

377 3883 465 3949 sibus
489 3883 607 3949 diversi
633 3885 775 3967 rhythmi
798 3888 1020 3969 interpositos;
1053 3885 1170 3968 quibus
1198 3887 1323 3969 legibus
1352 3889 1444 3952 addit
1467 3910 1549 3967 eam,
1639 3885 1640 3904 ¹

376 4001 476 4056 utne
499 3993 533 4055 in
556 4011 620 4054 una
643 3990 774 4074 quidem
797 3993 940 4057 clausula
955 4013 1164 4075 personamm
1187 3996 1323 4058 mutatio
1348 3995 1549 4060 admittatur.
1639 4019 1640 4080 ι

377 4096 466 4181 Quas
491 4097 532 4162 ad
563 4098 730 4180 opiniones
761 4097 979 4163 defendendas
1010 4108 1146 4182 uterque
1177 4101 1224 4164 vir
1248 4100 1363 4166 doctas
1387 4112 1420 4166 et
1442 4103 1495 4166 hic
1519 4112 1552 4167 st
1639 4105 1640 4190 l

378 4205 470 4284 alias,
492 4213 590 4285 prout
612 4226 663 4268 res
687 4204 822 4288 ferebat,
846 4204 993 4270 codicum
1017 4207 1152 4269 mutavit
1174 4207 1354 4272 lectionem.
1374 4269 1377 4275 ,
1639 4199 1640 4216 ¹

466 4309 539 4374 Iam
555 4313 732 4392 quaeritur,
750 4312 911 4392 quomodo
925 4313 1087 4376 clausulae
1099 4313 1140 4378 ab
1154 4314 1255 4378 altero
1272 4335 1389 4396 genere
1402 4337 1550 4380 versuum
1639 4339 1640 4342 ¹

379 4427 436 4480 aut
459 4415 678 4498 rhythmorum
702 4418 914 4484 transducant
936 4417 978 4483 ad
1002 4418 1147 4485 alterum.
