3340 5358
583 533 803 590 -11-
892 615 895 622 y

103 706 230 771 iambos
255 707 489 789 trochaeosque
522 702 714 788 procedunt,
747 706 860 790 Leo,¹)
891 709 940 770 vir
968 706 1184 787 doctissimus
1217 729 1286 774 uon-

103 814 285 896 persuadet
309 813 430 878 docens
454 835 493 878 ea
510 814 550 878 de
567 835 666 877 cansa
682 813 813 878 fabulas
830 812 1043 878 Terentianae
1069 815 1110 879 ab
1127 817 1280 898 exemplis

103 921 242 987 Graecis
268 921 451 1002 abhorrere,
476 921 563 1003 quod
589 921 717 985 cantica
744 921 952 985 stichicorum
976 941 1127 985 versuum
1151 923 1280 987 ordines

103 1049 201 1111 saepe
224 1030 471 1111 interrumpent.
520 1028 728 1112 Quamquam
753 1030 837 1092 euim
860 1049 1028 1111 perpauca
1051 1037 1155 1092 metra
1181 1031 1281 1111 lyrica

102 1139 136 1198 in
168 1158 254 1200 nova
289 1136 458 1199 comoedia
494 1136 709 1218 reperiuntur,
745 1145 854 1200 tamen
889 1157 953 1199 non
986 1139 1170 1200 necessario
1205 1136 1280 1199 inde

103 1245 250 1324 sequitur
273 1243 388 1324 lyricas
405 1247 521 1324 'partes
546 1245 613 1306 sive
631 1245 759 1307 cantica
782 1243 814 1305 in
840 1263 878 1306 oa
894 1263 969 1308 rara
993 1241 1106 1318 fuisse3
1131 1245 1282 1306 nimirum

103 1347 303 1430 simplicibus
328 1351 510 1432 composita
527 1369 597 1411 esse
613 1357 766 1430 poteraut
790 1351 913 1429 metris,
941 1359 975 1413 ut
990 1349 1121 1414 fabulae
1139 1349 1280 1432 Terenti,

102 1477 187 1535 quae
220 1455 351 1520 eosdem
383 1476 492 1520 versus
525 1461 557 1518 et
590 1456 796 1520 continuatos
828 1458 860 1518 in
894 1454 1047 1520 diverbiis
1079 1467 1111 1521 et
1146 1460 1280 1521 mutatis

101 1561 208 1626 modis
231 1565 379 1626 variatos
403 1564 434 1624 iu
461 1563 595 1626 canticis
620 1568 787 1645 usurpant.
830 1575 831 1579 ’

195 1686 308 1768 Atque
334 1707 371 1750 eo
396 1687 497 1770 magis
521 1687 583 1752 hoc
607 1693 642 1751 ut
674 1687 805 1752 credam
829 1687 983 1768 adducor,
1016 1688 1104 1771 quod
1128 1689 1282 1753 trochaici

102 1794 274 1874 octonarii,
305 1797 337 1856 iu
369 1797 502 1859 canticis
534 1795 610 1858 solis
643 1797 750 1876 positi,
786 1795 873 1876 apud
904 1804 1034 1878 poetam
1065 1801 1212 1859 nostrum
1243 1818 1282 1859 ex

103 1899 332 1982 systematibus
346 1899 482 1964 Graecis
499 1900 648 1964 videntur
664 1901 810 1966 derivari.
841 1899 929 1966 Nam
943 1903 977 1964 in
989 1909 1096 1966 vetere
1113 1903 1283 1967 comoedia

103 2005 305 2070 Graecorum
322 2015 494 2070 occurrunt
510 2006 715 2090 hypermetra
730 2007 907 2088 trochaica,
931 2010 965 2072 in
983 2008 1099 2090 quibus
1117 2010 1282 2092 complura

103 2114 177 2178 cola
206 2113 387 2176 acatalecta
420 2113 648 2178 continuantur
678 2136 742 2179 uno
774 2115 912 2179 dimetro
945 2117 1134 2180 catalectico
1166 2137 1280 2205 agmen

104 2219 287 2300 claudente,
312 2219 416 2284 hunce
439 2221 472 2282 iu
496 2220 637 2300 modum,
662 2227 698 2285 nt
722 2221 850 2286 dimetri
866 2223 991 2302 singuli,
1018 2225 1164 2304 quamvis
1190 2245 1280 2285 συνα-

103 2324 190 2409 φείας
221 2326 345 2407 legibus
369 2329 454 2389 inter
485 2349 518 2390 se
543 2328 788 2410 coniungantur,
821 2337 929 2392 tamen
953 2349 1017 2392 uon
1041 2327 1192 2394 desinant
1219 2332 1281 2394 nisi

104 2435 136 2494 iu
162 2431 293 2514 plenum
316 2431 519 2511 vocabulum,
553 2434 787 2515 comparabiles
813 2434 1025 2517 hypermetris
1057 2438 1280 2518 anapaesticis.

104 2536 154 2600 Cf.
182 2536 349 2620 Aristoph.
374 2537 451 2602 Pac.
474 2559 586 2602 versus
612 2544 780 2604 571-81:

319 2638 394 2706 Ἀλλ’
420 2645 666 2728 ἀναμνησθέντες,
694 2647 813 2732 ὧνδρες,

318 2757 371 2834 τῆς
395 2751 509 2835 διαίτης
532 2759 585 2836 τῆς
610 2755 747 2831 παλαιᾶς,

319 2858 354 2939 ἢν
377 2859 499 2944 παρεῖχ)
525 2858 599 2943 αὕτη
623 2853 694 2922 ποθ’
718 2862 797 2943 ἡμῖν,

319 2969 378 3024 τῶν
401 2987 434 3026 τε
457 2965 609 3028 παλασίων
635 2967 755 3029 ἐκείνων

317 3075 376 3130 τῶν
400 3095 432 3132 τε
457 3070 554 3133 σύκων
578 3079 637 3134 τῶν
661 3097 693 3136 τε
718 3073 835 3159 μύρτων

317 3183 370 3260 τῆς
393 3178 498 3262 τρυγός
522 3201 554 3240 τε
578 3185 630 3262 τῆς
654 3179 791 3262 γλυκείας

317 3291 369 3367 τῆς
395 3286 495 3356 ἰωνιᾶς
519 3309 551 3347 τε
575 3291 627 3369 τῆς
651 3284 723 3369 πρὸς

318 3399 360 3475 τῷ
384 3391 489 3475 φρέατι

318 3501 377 3558 τῶν
401 3497 537 3576 τ’ἐλαῶν,
565 3483 606 3559 ὧν
629 3502 792 3582 ποθοῦμεν,

319 3601 382 3665 ἀντὶ
405 3603 518 3666 τούτων
542 3605 631 3686 τήνδε
655 3604 716 3668 νυνί

318 3709 371 3793 τὴν
396 3708 466 3772 θεὸν
489 3711 679 3795 προσείπατε.

193 3834 268 3898 Ηοο
285 3839 370 3898 enim
383 3836 454 3901 loco
468 3835 580 3900 decem
593 3838 664 3901 cola
677 3838 710 3900 in
729 3847 870 3920 systema
886 3840 1115 3922 comprehendi
1132 3851 1278 3924 apparet,

101 3947 177 4022 post
209 3943 379 4023 septimum
411 3942 583 4008 dimetrum
607 3950 807 4009 monometro
831 3947 1036 4028 interposito,
1070 3968 1166 4029 quam
1195 3969 1279 4010 com-

101 4047 270 4129 positionis
309 4048 445 4112 formam
485 4051 672 4133 saepissime
718 4053 751 4114 in
798 4051 1025 4134 systematibus
1065 4055 1279 4136 anapaesticis

102 4156 254 4220 invenies.
301 4155 453 4238 Exempli
480 4159 584 4239 gratia
608 4158 646 4222 cf.
671 4159 748 4224 Eur.
772 4159 873 4242 Hipp.
897 4181 924 4223 v.
952 4163 1118 4224 lte-82:

194 4368 214 4434 ¹)
233 4367 251 4418 l.
266 4385 288 4418 c.
302 4385 328 4434 p.
342 4369 389 4420 85:
404 4339 469 4422 'Dte
491 4369 671 4423 terenciaclteu
694 4369 849 4425 Κοωόἀίοα
873 4371 967 4426 steten
990 4371 1076 4425 daret
1105 4371 1148 4426 dic
1171 4373 1280 4442 ddctjipc

105 4454 329 4524 Ualerbrechaap
348 4455 397 4509 der
414 4457 578 4512 stlclciandcn
596 4458 684 4513 Form
703 4459 763 4513 dem
784 4457 909 4530 Oripinal
925 4460 1028 4528 feruor.
