3340 5358
598 552 818 610 ,37-

103 726 357 810 praecidamus,
387 735 611 810 comparantes
635 746 707 792 eam
731 746 804 790 cnm
826 725 975 791 Andriae
1000 728 1117 791 cantici
1142 731 1239 791 236-
1252 730 1294 790 66

104 840 296 900 structura:
1187 823 1189 828 ⁸

434 940 540 1006 Andr.
976 939 1059 1005 Eun.

304 1051 368 1112 236
392 1046 490 1112 iamb.
515 1055 577 1112 oct.

393 1151 488 1220 iamb.
513 1163 573 1218 oct.

394 1259 489 1325 iamb.
514 1267 595 1326 oct.¹
827 1267 889 1326 207
916 1262 1018 1329 troch.
1044 1271 1105 1328 oct.

391 1367 488 1432 iamb.
513 1377 573 1432 oct.
916 1369 1017 1434 troch.
1043 1377 1122 1452 sept.

303 1477 368 1540 240
391 1473 488 1539 iamb.
512 1473 587 1540 dim.
910 1475 1006 1541 iamb.
1031 1475 1105 1539 dim.

392 1599 493 1665 troch.
517 1605 597 1682 sept.
827 1604 891 1664 210
916 1600 1017 1665 troch.
1043 1605 1122 1684 sept.

393 1705 495 1771 troch.
521 1715 600 1789 sept.
914 1708 1017 1772 troch.
1043 1715 1121 1790 sept.

392 1813 487 1878 iamb.
512 1819 574 1878 oct.
912 1812 1009 1877 iamb.
1035 1822 1096 1878 oct.

390 1920 487 1984 iamb.
511 1919 587 1984 dim.
910 1918 1006 1985 iamb.
1030 1920 1107 1985 dim.

303 2049 365 2109 245
390 2045 493 2110 troch.
518 2056 579 2109 oct.
914 2043 1014 2109 troch.
1040 2054 1121 2128 sept.

392 2151 491 2218 troch.
517 2151 591 2218 dim.
822 2155 886 2215 215
910 2150 1007 2217 iamb.
1034 2153 1107 2215 dim.

467 2265 526 2323 eto.
983 2263 1043 2323 etc.

208 2383 303 2448 Unde
339 2386 421 2448 mira
455 2384 631 2448 similitudo
667 2385 867 2448 canticorum
901 2384 1107 2466 intellegitur.
1165 2383 1294 2448 Etenim

113 2502 182 2556 tres
215 2499 323 2574 partes
354 2489 494 2556 dilucide
525 2490 761 2570 discernuntur,
795 2511 931 2572 quarum
959 2489 1066 2553 media
1096 2492 1129 2554 in
1158 2497 1294 2572 utroque

114 2599 261 2663 carmine
284 2599 400 2662 iisdem
416 2605 544 2661 constat
559 2595 714 2678 versibus,
740 2618 812 2661 cum
835 2596 869 2660 in
892 2598 997 2679 prima
1021 2603 1053 2660 et
1076 2596 1178 2662 altera
1201 2605 1293 2680 parte

113 2706 261 2769 clausula
291 2707 524 2769 sententiarum
559 2703 639 2769 ordo
670 2706 859 2768 terminetur
894 2710 927 2767 et
961 2705 995 2767 in
1030 2706 1127 2768 tertia
1158 2703 1294 2769 dimeter

112 2814 255 2894 primum
278 2832 405 2875 versum
429 2813 591 2894 excipiens
615 2810 709 2874 huius
734 2811 799 2874 vim
822 2821 950 2892 augeat.

570 2940 622 2999 16.
646 2935 751 2999 Andr.
778 2939 850 2999 176.

209 3042 318 3107 Davus
342 3063 450 3108 secum
472 3042 607 3125 loquens
631 3041 779 3125 procedit
801 3043 834 3105 in
858 3063 1017 3121 scaenam,
1042 3041 1099 3106 ubi
1122 3044 1186 3106 iam
1204 3039 1293 3107 Simo

113 3149 210 3213 adest
234 3149 274 3213 ab
299 3170 337 3214 eo
360 3170 424 3214 non
453 3158 653 3231 conspectus.
691 3147 744 3212 Ac
767 3151 906 3231 primum
934 3148 1065 3231 quidem
1092 3150 1126 3212 in
1149 3147 1293 3212 versibus

115 3260 282 3336 175-76,
307 3255 395 3337 quod
412 3254 501 3322 Simo
525 3255 622 3320 fuerit
644 3263 709 3318 tam
734 3256 824 3337 lenis,
849 3257 993 3333 miratur,
1019 3254 1137 3318 deinde
1162 3276 1294 3319 causam

111 3361 241 3445 profert
251 3363 402 3425 mirandi:
419 3384 535 3426 nurum
551 3383 665 3445 nempe
679 3368 898 3444 exspectatam
912 3361 1036 3427 Simoni
1048 3370 1199 3443 negatam
1211 3383 1290 3426 esse.

112 3469 235 3549 Itaque
268 3467 413 3531 clausula
446 3472 507 3530 176
539 3471 647 3550 magni
674 3468 826 3551 ponderis
858 3468 921 3533 hoc
950 3469 1022 3533 loco
1054 3471 1157 3551 primo
1186 3471 1293 3533 versui

113 3597 190 3640 cum
214 3575 333 3638 cantici
356 3579 424 3637 tum
448 3575 678 3640 sententiarum
702 3576 823 3641 ordinis
840 3576 1025 3660 (luc—79)
1050 3573 1236 3657 adiungitur
1260 3581 1293 3639 et

113 3681 159 3748 ad
182 3683 320 3763 primam
344 3682 536 3746 sententiam
559 3691 749 3766 ursurpatur
772 3682 1040 3765 exaggerandam.

167 3905 175 3920 ·
392 3827 442 3887 17.
465 3824 570 3889 Andr.
596 3827 675 3904 2463
701 3824 737 3890 cf.
762 3845 793 3908 p.
821 3829 861 3888 35
887 3845 916 3888 n.
942 3829 971 3906 6,
990 3829 1018 3887 7.

207 3931 311 3996 Versu
343 3935 406 3995 245
430 3930 620 4014 Pamphilus
653 3931 692 3994 de
724 3952 783 3996 sua
811 3936 896 3995 sorte
919 3929 1041 3995 infelici
1066 3932 1221 4013 queritur,
1253 3951 1292 3993 ac

113 4038 254 4121 primum
270 4037 400 4120 quidem
416 4040 592 4120 generatim
609 4039 867 4122 summatimque,
893 4059 964 4102 cnm
981 4038 1056 4102 iude
1081 4059 1101 4101 a
1117 4058 1209 4101 versu
1227 4039 1289 4100 247

113 4166 167 4208 res
199 4144 351 4209 adversas
383 4166 457 4209 suas
489 4145 629 4227 explicet
659 4147 853 4208 accuratius.
910 4142 1003 4228 Quae
1036 4165 1108 4208 cum
1139 4147 1186 4208 ita
1217 4145 1290 4224 sint,

114 4251 215 4316 etiam
237 4251 290 4315 hic
314 4251 459 4315 clausula
481 4253 621 4316 maxima
639 4251 798 4335 gravitate
823 4251 969 4316 similiter
984 4261 1083 4333 atque
1106 4253 1140 4315 in
1164 4251 1291 4316 cantico

117 4362 157 4422 17
162 4361 269 4420 5-79
287 4355 469 4440 adhibetur,
486 4359 625 4441 primum
641 4379 768 4422 versum
785 4360 1017 4422 sententiarum
1033 4359 1135 4440 partis
1152 4376 1291 4438 sequens

115 4474 149 4529 et
173 4463 328 4528 adiuvans
351 4465 487 4546 primam
512 4465 713 4529 sententiam.
