3340 5358
857 523 1079 583 „32-

382 694 528 760 clausula
552 715 624 759 cum
647 696 754 778 priore
778 715 819 758 an
844 715 917 760 oum
939 699 1117 780 posteriore
1136 719 1231 762 versu
1246 676 1426 782 cohaereat,
1452 671 1494 765 id*
1517 716 1571 766 est

381 808 489 866 utrum
512 801 645 866 initialis
670 821 712 866 an
735 801 840 866 linaiis
864 805 907 867 sit
928 803 1132 887 appellanda,
1161 806 1229 871 solo
1253 826 1349 870 sensu
1372 809 1569 872 examinato

382 905 555 972 diiudicari
577 913 700 990 potest..

770 1034 798 1097 L
824 1032 997 1100 Olausulae
1020 1037 1169 1102 initiales,

597 1157 838 1222 1.1‹}un.aaa:
885 1157 1014 1224 Occidi!

469 1261 543 1347 Quo
575 1266 606 1327 in
632 1265 759 1329 cantico
790 1285 855 1330 non
877 1269 1135 1348 praetermittam
1165 1289 1275 1332 versus
1304 1272 1493 1352 aaa-301,
1529 1273 1563 1334 in

380 1369 497 1452 quibus
518 1372 656 1434 maxime
678 1378 728 1435 est
743 1371 978 1436 offendendum.
1009 1369 1125 1456 Neque
1142 1376 1228 1438 enim
1243 1395 1354 1440 versus
1371 1397 1390 1440 a
1405 1376 1565 1441 Bentleio

381 1475 522 1541 restituti
545 1477 677 1559 probari
700 1484 850 1561 possunt:

383 1581 458 1648 dim.
483 1583 581 1649 iamb.
614 1581 681 1648 Hic
704 1588 821 1666 verost,
845 1587 901 1667 qui
926 1588 951 1649 si
976 1588 1148 1670 occeperit,

381 1691 462 1757 trim.
487 1687 584 1757 iamb.
610 1689 740 1755 Ludum
763 1694 933 1774 iocumque
956 1693 1043 1757 dicet
1064 1693 1163 1759 luisse
1185 1693 1276 1760 illum
1300 1697 1444 1778 alterum,

381 1795 456 1861 dim.
482 1795 577 1862 iamb.
611 1798 733 1863 Praeut
754 1799 849 1863 huius
873 1798 989 1881 rabies,
1014 1803 1097 1883 quae
1121 1800 1222 1866 dabit.

471 1921 613 2000 Etenim,
646 1943 718 1987 cum
750 1926 895 1989 senarius
927 1924 959 1988 in
992 1926 1126 1990 canticis
1156 1924 1361 1991 Terentianis
1393 1928 1560 1992 clausulae

381 2029 450 2092 vice
474 2028 636 2111 iungatur,
670 2037 733 2093 tres
758 2029 919 2096 clausulas
944 2032 1040 2096 aliam
1062 2042 1136 2116 post
1168 2032 1264 2098 aliam
1288 2032 1488 2115 haberemus,
1520 2035 1557 2098 id

380 2133 468 2216 quod
493 2141 542 2200 est
566 2140 679 2202 centra
701 2145 850 2202 naturam
875 2147 970 2220 atque
994 2158 1086 2202 usum
1110 2140 1263 2205 colorum.

594 2249 623 2306 2.
649 2242 781 2307 Phorm.
806 2246 888 2307 485:
935 2240 1048 2309 Dorio.

595 2354 623 2412 3.
647 2348 712 2414 Ad.
738 2354 820 2413 610:
867 2351 1057 2416 Discrucior
1079 2355 1186 2416 animi.

593 2460 623 2520 4.
649 2456 751 2522 Andr.
779 2461 853 2522 252.

474 2577 559 2645 Nam
584 2581 662 2664 qrrid
687 2602 746 2664 ego
771 2581 876 2646 dicam
901 2583 940 2647 de
964 2580 1078 2666 patre?
1103 2583 1154 2665 ah,

473 2703 653 2770 Tantamne
677 2727 744 2771 rem
770 2715 835 2771 tam
859 2709 1061 2791 neclegenter
1084 2708 1192 2790 agere!

474 2829 554 2895 Post
566 2831 717 2914 pavidam
729 2830 864 2915 Mysidis
877 2833 1144 2898 exclamationem
1160 2833 1265 2896 Oratio
1276 2834 1348 2897 liceo
1362 2856 1408 2898 oa
1419 2837 1555 2898 trabeam

385 2939 567 3000 raooirnovit
595 2950 674 3002 oreta
697 2938 886 3021 Pamphilus
914 2940 1032 3003 iterum
1056 2939 1099 3003 ad
1121 2948 1247 3022 patrem
1269 2941 1354 3006 redit
1377 2941 1464 3004 Nom
1486 2943 1558 3026 qaid

385 3067 438 3126 epo
461 3045 561 3105 dicum
591 3046 630 3108 dc
651 3042 758 3130 patrol
788 3045 836 3118 ab,
869 3044 984 3128 quibus
1008 3045 1114 3111 verbis
1146 3046 1188 3110 ad
1219 3068 1336 3112 noram
1359 3048 1556 3114 traducimur

384 3155 509 3234 partem
525 3152 766 3216 sententiarum.
796 3151 868 3217 lam
882 3155 1056 3236 quaeritur,
1071 3175 1168 3235 quam
1179 3156 1213 3217 in
1226 3155 1362 3219 classem
1374 3154 1459 3220 hanc
1472 3157 1554 3220 clau-

384 3258 487 3323 sulam
510 3257 696 3341 referamus,
728 3267 836 3324 utrum
859 3280 931 3324 cum
955 3262 1062 3343 priore
1094 3281 1134 3324 an
1160 3281 1232 3326 cum
1255 3281 1349 3326 versu
1379 3265 1553 3344 posteriore

384 3365 548 3449 iungenda
578 3368 628 3430 sit.
674 3363 742 3432 Sed
777 3387 850 3430 cum
881 3365 1016 3431 alteram
1044 3368 1282 3450 copulationem
1313 3367 1394 3432 nihil
1425 3368 1554 3434 suadeat

384 3473 446 3538 nisi
462 3494 612 3539 numerus
623 3478 810 3556 perpetuus,
826 3474 867 3536 ab
884 3473 988 3538 altera
999 3483 1091 3556 parte
1104 3495 1222 3541 causae
1232 3495 1368 3558 magnae
1381 3496 1553 3559 gravesque

384 3579 582 3662 praevalent.
629 3577 715 3643 Nam
730 3576 812 3643 haec
828 3579 972 3644 clausula
994 3602 1058 3645 uon
1082 3582 1187 3646 minus
1208 3603 1280 3647 cum
1295 3603 1390 3646 versu
1405 3591 1552 3666 sequente

384 3707 517 3751 numero
541 3686 641 3750 utitur
664 3687 816 3751 continuo
848 3696 881 3751 et
912 3707 976 3751 non
1007 3689 1111 3753 solum
1139 3710 1212 3753 cum
1240 3690 1427 3772 posterioris
1450 3711 1552 3754 versus

385 3796 546 3858 sententia
581 3800 649 3858 arte
684 3793 847 3875 cohaeret,
882 3793 939 3859 sed
974 3796 1071 3860 etiam
1107 3797 1140 3858 in
1175 3797 1268 3860 initio
1302 3804 1408 3860 exstat
1438 3795 1551 3862 ordinis

385 3902 627 3981 sententiarum,
659 3922 724 3984 qua
754 3900 794 3965 de
826 3922 924 3966 causa
954 3901 1092 3966 dimeter
1123 3922 1187 3966 uno
1219 3911 1330 3968 tenore
1360 3923 1434 3967 cum
1466 3923 1551 3968 versu

383 3993 595 4072 ‘antecedente
629 4009 761 4071 recitari
794 4010 915 4090 nequit.
971 4007 1048 4072 Huc
1083 4007 1210 4073 accedit
1244 4008 1352 4074 subita
1384 4017 1550 4074 metrorum

384 4113 536 4179 mutatio:
559 4113 693 4196 longum
716 4115 801 4177 enim
817 4135 967 4178 versuum
991 4114 1226 4180 trochaicorum
1242 4115 1387 4182 ordinem
1401 4116 1549 4181 iambicus

385 4220 505 4303 excipit
519 4241 670 4284 numerus
694 4242 795 4304 usque
820 4220 862 4284 ad
885 4241 996 4285 versus
1014 4224 1140 4306 astsq,
1165 4243 1245 4305 quos
1261 4223 1398 4306 pedibus
1413 4223 1548 4288 iambicis

386 4326 565 4408 metiamur,
596 4347 793 4410 quamquam
823 4329 922 4392 etiam
953 4327 1109 4393 trochaici
1132 4331 1307 4412 septenarii
1323 4330 1402 4413 legi
1424 4335 1548 4412 possunt

386 4423 712 4518 (Gouradtp.173).
758 4433 875 4516 Itaque
907 4433 994 4517 apud
1017 4433 1203 4500 Terentium
1230 4447 1361 4521 praeter
1390 4437 1463 4502 illas
1487 4446 1547 4501 tres
