3340 5358
878 511 1097 569 ..26-

399 686 564 752 Bentleius
589 695 622 750 et
645 683 840 750 Conradtius
865 683 909 770 (p.
928 687 969 748 le
994 683 1057 770 sq.)
1082 705 1250 749 nnmerum
1277 685 1482 748 restituerint
1511 708 1589 748 ree·

400 793 531 858 tissime.
580 790 668 858 Nam
699 791 770 875 quis
802 797 861 873 est,
898 795 953 875 qui
984 790 1119 871 dubitet,
1156 793 1235 874 quin
1269 790 1357 875 apud
1385 790 1590 857 Terentium

400 899 576 964 secundnm
606 899 732 964 numeri
764 899 1014 963 continuationis
1044 898 1147 982 legem
1171 898 1316 962 clausula
1338 898 1483 965 iambica
1508 921 1588 981 sep-

398 1008 558 1072 tenarium
580 1006 780 1070 trochaicum
805 1007 952 1088 excipere
976 1002 1116 1070 debeat?

488 1129 535 1196 H.
570 1131 720 1214 Utroque
763 1131 925 1196 clausulae
959 1129 1060 1194 latere
1097 1117 1247 1195 ‘eiusdem
1284 1129 1425 1214 rhythmi
1465 1153 1586 1196 verene

399 1247 573 1305 occurrunt
598 1237 722 1303 formae
750 1237 896 1302 diversae
924 1236 1040 1322 (trech.
1066 1245 1127 1302 oct.
1157 1275 1197 1284 -—
1225 1237 1327 1303 trech.
1354 1248 1444 1320 sept,
1474 1240 1584 1302 trech.

399 1351 479 1428 sept.
504 1384 546 1392 —-
571 1345 672 1410 trech.
696 1345 787 1430 oct.):

850 1455 900 1516 14.
925 1451 1027 1516 Haut.
1056 1455 1128 1514 178.

400 1559 499 1624 troch.
524 1567 586 1623 oct.
633 1559 735 1623 Proin
759 1567 794 1622 tu
811 1558 1061 1622 sollicitudinem
1084 1560 1181 1622 istam
1204 1557 1330 1639 falsam,
1356 1579 1439 1640 qnae
1463 1569 1496 1622 te
1522 1583 1582 1623 ex-

720 1666 852 1745 cruciat,
877 1667 1018 1730 mittae.'

398 1772 498 1838 troeh.
523 1772 599 1838 dim.
630 1770 792 1856 tQuicurn
815 1772 960 1854 loquitur
982 1768 1093 1835 iilius?

399 1879 500 1943 trooh.
524 1887 604 1961 sept.
634 1879 758 1942 tPater
774 1878 876 1959 adest,
902 1899 998 1961 quem
1014 1879 1115 1943 volui:
1140 1878 1237 1942 adibo
1261 1883 1364 1962 priter,
1390 1891 1579 1962 opportune

722 1985 863 2049 advenio.

859 2115 909 2173 15.
935 2109 1017 2172 Eun.
1044 2112 1118 2173 215.

399 2217 501 2281 troch.
527 2227 606 2300 sept.
634 2217 775 2281 tMnnun
807 2225 951 2282 nostrum
979 2220 1093 2280 ornato
1122 2215 1237 2298 verbis,
1269 2217 1357 2299 quod
1387 2221 1516 2302 poteris.
1544 2225 1578 2282 et

720 2325 817 2388 istum
840 2324 1013 2403 aemulum,
1570 2329 1577 2340 “·

399 2430 496 2495 iamb.
522 2431 597 2495 dim.
634 2429 731 2514 Quod
753 2431 884 2514 poteria,
909 2429 949 2494 ab
974 2451 1013 2496 ea
1035 2431 1157 2515 pellito.

399 2536 499 2602 trech.
524 2546 586 2602 oct.
633 2537 799 2619 tMemini,
832 2541 984 2602 tametsi
1013 2539 1119 2602 nullus
1148 2559 1290 2603 moneaa
1323 2515 1418 2621 zligo
1444 2561 1496 2604 ine
1519 2540 1573 2602 ibo

721 2653 818 2727 atque
842 2643 887 2709 ibi
911 2645 1058 2710 manebo.

487 2768 553 2834 ΠΙ.
589 2767 775 2835 Clausulam
804 2769 949 2835 trochaei
977 2769 1185 2852 praecedunt,
1214 2768 1313 2834 iambi
1342 2781 1519 2854 sequuntur
1541 2781 1574 2835 et

398 2879 467 2941 vice
488 2897 580 2941 versa
604 2875 716 2963 (iamb.
734 2885 796 2942 oct.
822 2915 859 2924 -
882 2877 984 2940 trech.
1002 2882 1075 2956 oct,
1101 2877 1202 2941 trech.
1225 2886 1297 2959 oct,
1324 2915 1364 2923 —
1388 2876 1483 2942 iamb.
1501 2886 1572 2958 oct,

398 2981 495 3047 iamb.
516 2991 579 3046 oct.
610 3022 651 3029 —
680 2983 782 3050 trech.
812 2991 902 3066 sept,
934 2983 1035 3048 trech.
1062 2988 1142 3066 sept.
1176 3023 1214 3030 -
1243 2982 1340 3048 iamb.
1366 2993 1437 3065 oct,
1468 2985 1568 3049 trech.

399 3097 479 3172 sept.
506 3129 546 3136 --
571 3089 666 3154 iamb.
691 3090 799 3175 sept.):

849 3221 899 3279 16.
927 3215 1029 3279 Andr.
1056 3217 1129 3279 244.

398 3319 494 3387 iamb.
519 3331 579 3386 oet
632 3323 700 3386 ltan
736 3321 896 3386 obstinate
935 3325 1068 3404 operam
1104 3321 1171 3403 dat,
1214 3331 1251 3386 nt
1284 3345 1335 3388 me
1371 3345 1391 3387 e
1421 3321 1568 3405 Glycerio

720 3430 872 3494 miserum
897 3426 1085 3493 abstrahat?

398 3532 496 3600 iamb.
521 3533 597 3598 dim.
634 3532 732 3616 Quod
755 3540 783 3598 ei
806 3534 853 3616 fit,
877 3557 974 3618 pereo
998 3535 1153 3600 funditus.

399 3639 499 3705 trooh.
524 3649 584 3706 oct.
636 3625 752 3706 ildeon
783 3640 946 3706 homiuem
981 3663 1051 3708 esse
1086 3648 1289 3708 invenustum
1325 3653 1381 3706 aut
1415 3643 1567 3708 infelicem

722 3753 926 3832 quemquam,
951 3758 987 3814 ut
1011 3771 1069 3832 ego
1094 3750 1181 3814 sumt

853 3879 901 3937 17.
925 3874 1027 3939 Haut.
1053 3879 1125 3938 566.

398 3979 495 4044 iamb.
521 3988 582 4043 oet.
633 3981 731 4044 Facie
770 3981 853 4044 tideo
885 3980 1016 4064 indigne
1051 3982 1202 4046 iuinriam
1241 3981 1298 4062 illi,
1338 3987 1394 4064 qui
1426 4004 1488 4046 non
1514 3980 1567 4044 ab·

722 4089 843 4152 stineae
866 4109 1006 4152 manum.

398 4191 495 4258 iamb.
521 4191 596 4257 dim.
632 4192 719 4258 Nam
741 4193 843 4258 istaec
866 4193 998 4277 quidem
1022 4195 1258 4277 contumeliaet,

400 4298 500 4368 trech.
524 4307 586 4366 oct.
631 4301 806 4366 Hominem
823 4303 962 4366 amicum
978 4304 1123 4385 recipere
1139 4303 1183 4368 ad
1199 4313 1231 4368 te
1243 4312 1341 4386 atque
1354 4305 1422 4368 tius
1435 4305 1565 4370 amicam

722 4406 910 4490 snbigitare.
