3340 5358
631 543 829 601 ..3-

142 718 344 782 Terentianis
357 718 419 780 hoc
428 715 560 786 difficile
570 723 619 778 est
628 714 820 778 discernere.
842 714 957 797 Neque
967 716 1092 780 enimin
1101 715 1191 780 libris
1203 737 1315 780 manu-

143 826 269 908 scriptis
286 825 424 904 canace,
437 813 522 905 quae
535 829 609 884 sunt
623 823 739 884 mutati
751 823 877 902 generis
889 821 1033 885 versibus
1050 822 1184 903 inclusa,
1201 823 1316 886 litteris

142 941 294 996 notantur
318 950 422 1012 neque
446 937 549 993 metra
571 930 777 991 inveniuntur
799 929 898 1010 lyrica
927 927 1028 992 tribus
1056 930 1134 993 locis
1159 932 1315 1012 exeeptis:

139 1037 244 1102 Andr.
254 1040 424 1114 481-853
439 1039 600 1098 ose-38.
625 1034 690 1097 Ad.
706 1039 868 1097 olo-15.
891 1034 1007 1117 Itaque
1021 1037 1146 1099 exsistit
1157 1036 1316 1118 quaestio,

142 1143 305 1228 quomodo
327 1142 406 1206 fines
424 1143 621 1205 canticorum
638 1140 950 1220 circumscribamns;
976 1161 1040 1223 qua
1063 1141 1104 1205 de
1128 1144 1316 1223 quaestione

142 1249 337 1315 Conradtius
368 1251 417 1314 vir
448 1248 651 1313 doctissimus
684 1249 804 1328 optime
828 1246 1016 1332 disseruit.¹)
1065 1246 1200 1312 Constat
1232 1251 1316 1312 enim

142 1360 279 1440 primum
303 1378 366 1420 non
392 1355 455 1418 alio
479 1356 550 1419 loco
568 1373 677 1417 versus
694 1354 811 1416 variari
828 1363 959 1437 coeptos
983 1375 1053 1418 esse
1077 1357 1138 1418 nisi
1161 1357 1194 1418 in
1217 1355 1315 1420 initiis
1365 1438 1368 1448 Ι

140 1483 339 1541 scaenarum,
365 1461 484 1524 deinde
508 1469 616 1524 autem
640 1469 673 1524 et
696 1460 876 1524 trochaicos
900 1462 1081 1525 octonarios
1105 1471 1137 1526 et
1157 1462 1316 1526 clausulas

141 1569 260 1633 liberas
278 1567 437 1653 (Oonradt
453 1569 473 1630 l.
488 1587 515 1631 c.
528 1588 559 1649 p.
573 1566 629 1651 20)
646 1575 679 1631 et
695 1568 835 1649 singulos
852 1571 996 1632 senarios
1012 1567 1229 1632 clausularum
1244 1571 1315 1634 loco

141 1678 264 1759 positos
287 1678 319 1738 in
344 1677 480 1739 canticis
504 1674 580 1738 solis
605 1673 812 1756 deprehendi.
859 1672 933 1756 Qua
952 1694 988 1739 re
1004 1695 1201 1757 quamquam
1223 1676 1317 1740 initia

141 1784 337 1846 canticorum
360 1802 455 1845 nemo
484 1801 547 1844 non
571 1781 726 1862 agnoscit,
757 1789 865 1844 tamen
897 1781 936 1844 de
967 1783 1055 1845 exitu
1078 1802 1188 1845 eorum
1220 1802 1316 1865 saepe

144 1887 317 1960 dubitatur,
334 1909 406 1950 eum
417 1890 534 1951 variati
546 1907 658 1950 versus
674 1907 738 1950 non
750 1907 852 1968 usque
869 1886 911 1950 ad
923 1886 1019 1951 finem
1031 1908 1167 1952 scaenae
1182 1887 1316 1972 perduci

141 1996 274 2058 soleant.
307 1993 435 2075 Itaque,
452 1994 647 2076 ubicumque
659 1992 846 2057 Terentium
863 2014 882 2057 a
897 1996 1011 2058 mutati
1028 1998 1153 2076 generis
1169 1995 1315 2059 versibus

141 2101 181 2164 ad
215 2100 366 2164 stichicos
399 2100 596 2164 descendere
619 2101 775 2180 videmus,
808 2100 863 2164 sed
895 2099 950 2164 ubi
973 2085 1151 2165 diverbium
1181 2103 1316 2183 incipiat

141 2228 204 2271 non
216 2209 328 2289 liquet,
340 2205 469 2272 fabulae
482 2209 641 2272 actionem
653 2215 685 2271 et
697 2207 842 2271 ordinem
855 2209 1086 2272 sententiarum
1097 2210 1315 2272 examinemus

140 2335 269 2378 necesse
295 2325 350 2378 est.

233 2493 253 2558 ¹)
273 2489 404 2554 Conterit,
432 2489 490 2544 Dic
510 2489 652 2544 mesenate
676 2490 862 2558 Composition
887 2489 935 2544 cler
953 2489 1111 2545 Gonoessa
1133 2489 1181 2544 des
1207 2490 1314 2544 Tereus.

143 2579 231 2632 Berlin
253 2580 329 2632 1876.
