3340 5358
862 537 1081 596 „38-

819 714 867 775 le.
890 709 1024 774 Phorm.
1050 714 1124 775 729.

472 817 567 883 Idem
596 839 657 882 usu
687 819 775 882 venit
803 819 837 881 in
867 817 1073 882 Phormionis
1105 819 1233 882 cantico
1264 821 1428 882 nne—67.
1474 817 1566 883 Nam

383 927 487 1010 primo
510 927 669 1007 inversu,
701 946 797 1008 quem
828 925 921 990 colon
945 925 1065 1008 excipit
1087 924 1150 987 Aut
1171 925 1252 988 eade
1282 925 1431 988 6661116166
1450 936 1566 1011 petam,

384 1030 556 1117 Sophrona
578 1031 729 1116 exprimit
752 1031 878 1097 consilii
905 1031 1060 1114 inopiam,
1092 1031 1210 1096 deinde
1232 1050 1309 1097 vero
1339 1029 1428 1096 illam
1458 1033 1566 1098 fusius

383 1139 594 1206 demonstrat.

709 1249 750 1309 19
775 1246 991 1312 61261166.
1017 1248 1081 1309 652
1106 1254 1139 1310 et
1162 1249 1237 1310 658.

472 1353 636 1418 Phaedria
651 1355 793 1436 ignaruS,
814 1351 893 1436 quid
910 1373 944 1416 se
960 1351 1095 1418 absente
1111 1351 1563 1440 (166661116616616661649),

384 1459 531 1544 procedit
560 1480 620 1525 nec
650 1468 759 1524 tamen
783 1461 922 1543 primum
946 1458 1078 1542 quidem
1102 1457 1219 1545 (usque
1250 1459 1294 1524 ad
1317 1480 1447 1525 versum
1470 1460 1564 1547 662),

385 1587 582 1651 quamquam
610 1565 812 1650 ¹Pythiadem
846 1565 1017 1649 rogitando
1053 1564 1212 1650 obtundit,
1251 1587 1443 1650 responsum
1477 1568 1564 1632 ferre

384 1683 531 1759 optatum
553 1679 669 1757 potest.
714 1670 800 1738 Tum
828 1672 869 1737 de
901 1671 1047 1738 eunucho
1079 1676 1135 1756 qui
1157 1680 1291 1756 putatur
1322 1676 1431 1756 agitur
1461 1695 1564 1757 usqne

384 1780 428 1847 ad
461 1783 642 1848 trimetrum
679 1779 864 1862 iambicum,
904 1781 959 1862 qui
993 1789 1126 1864 propter
1159 1782 1285 1845 numeri
1323 1789 1356 1844 et
1390 1781 1565 1847 verborum

385 1909 542 1953 conexum
582 1887 625 1952 ad
660 1908 788 1952 versum
822 1889 963 1968 pertinet
997 1887 1252 1968 antecedentem,
1292 1908 1365 1952 oum
1398 1897 1564 1970 postremo

384 1992 520 2076 Pythias
544 2015 614 2059 rem
636 1996 742 2076 ipsam
765 2001 883 2060 narret.

852 2121 905 2182 nl.
928 2117 994 2182 Ad.
1020 2122 1094 2184 317.

472 2225 606 2291 Doloris
652 2227 785 2308 iraeque
831 2225 945 2308 plenus
984 2223 1072 2291 Geta
1109 2226 1240 2290 domum
1278 2208 1442 2310 properat,
1488 2249 1564 2292 eum

382 2327 585 2397 Aeschinum
600 2331 697 2398 fidem
714 2331 865 2396 dominae
880 2333 1029 2398 iuvenilis
1044 2333 1213 2398 violavisse
1229 2332 1399 2399 audiverit.
1436 2332 1562 2419 Quibus

383 2436 530 2504 versibus
562 2438 708 2504 clausula
737 2442 800 2503 317
824 2440 1049 2523 interponitur,
1081 2440 1293 2506 iambicorum
1321 2443 1562 2507 octonariorum

383 2546 530 2612 ordinem
555 2550 708 2610 aot-16
734 2547 855 2630 optime
879 2545 1107 2612 determinans.

845 2671 1003 2738 2611166.
1028 2675 1101 2736 747.

471 2775 580 2860 Thais,
620 2775 825 2843 Chremetem
857 2800 921 2844 non
956 2781 1168 2862 conspiciens,
1206 2781 1310 2844 minas
1344 2782 1491 2863 iramque
1526 2783 1560 2843 in

382 2884 518 2950 militem
542 2883 683 2949 effundit
705 2905 808 2967 usque
831 2883 875 2950 ad
890 2905 1018 2949 versum
1034 2890 1110 2968 782,
1134 2907 1199 2969 quo
1222 2886 1294 2951 loco
1320 2907 1425 2951 sermo
1449 2895 1559 2970 aperte

382 2991 545 3072 inciditur,
577 2989 748 3058 Ohremete
779 3013 865 3056 nunc
896 2991 1091 3074 prodeunte:
1133 2992 1235 3065 Their,
1270 3015 1322 3078 ego
1352 2995 1416 3055 iem
1446 2993 1561 3056 dudum

383 3099 499 3161 adsum
548 3095 612 3180 Qui
637 3119 710 3163 cum
734 3096 849 3161 deinde
865 3097 1022 3164 Thaidem
1043 3120 1186 3164 sororem
1209 3099 1381 3182 diligenter
1405 3100 1559 3165 educasse

382 3205 508 3289 ipsique
538 3204 740 3270 reddituram
772 3225 842 3309 6666
874 3209 1040 3290 comperit,
1073 3205 1218 3270 clausula
1249 3209 1381 3289 ponitur
1412 3206 1454 3271 ad
1483 3227 1557 3271 con-

383 3313 558 3378 citationen
576 3312 756 3396 augendam
778 3312 836 3376 Uti
851 3315 933 3377 east?
947 3311 1067 3374 2Domi
1075 3315 1160 3397 opud
1171 3335 1224 3376 me.
1247 3312 1362 3376 thm.
1379 3311 1488 3390 anid
1500 3309 1559 3376 aa?

843 3459 893 3519 23.
918 3453 1001 3519 Η66.
1027 3459 1100 3520 860.

471 3559 644 3644 Pamphilo
680 3581 700 3624 a
734 3561 937 3627 Parmenone
970 3563 1101 3626 nuntius
1142 3567 1191 3626 661
1226 3561 1354 3644 6116166,
1395 3563 1453 3644 qui
1487 3583 1558 3626 eum

383 3665 532 3732 omnihus
547 3666 714 3733 laboribus
730 3667 854 3733 liberat.
885 3667 1029 3733 Laetitia
1045 3689 1118 3732 eum
1131 3671 1273 3733 animum
1285 3674 1374 3733 vetat
1390 3669 1556 3751 colligere:

383 3773 494 3838 omnia
523 3794 616 3838 servo
647 3775 828 3857 pollicetur.
885 3772 968 3840 Tum
1002 3775 1046 3840 ad
1078 3777 1270 3840 sententiam
1302 3775 1558 3858 exaggerandam

383 3879 555 3946 adhibetur
578 3881 732 3962 clausula,
763 3902 847 3965 qnae
870 3882 1001 3965 quidem
1024 3904 1097 3946 cum
1121 3903 1215 3946 versu
1237 3885 1347 3965 priore
1370 3882 1556 3955 cohaerens,

383 3995 502 4070 166666,
525 3987 614 4070 quod
637 3989 753 4052 attinet
777 3987 819 4054 ad
842 4010 981 4072 sensum,
1006 3989 1049 4054 ad
1073 3998 1261 4073 sequentem
1283 3989 1437 4056 traducit.

669 4134 720 4195 64.
744 4130 849 4196 Andr.
875 4137 955 4212 6363
980 4131 1021 4197 cf.
1045 4154 1075 4215 p.
1101 4137 1141 4197 31
1166 4154 1196 4198 n.
1221 4136 1272 4200 31.

473 4233 631 4302 Charinus
663 4241 777 4303 nuntio
808 4239 917 4322 allato,
948 4238 1153 4323 Pamphilum
1177 4238 1358 4304 Chremetis
1389 4238 1490 4304 filiam
1516 4237 1556 4303 ab

383 4344 455 4427 ipso
485 4351 627 4409 amatam
657 4347 691 4410 in
721 4347 962 4412 matrimonium
993 4345 1163 4412 ducturum
1199 4367 1279 4427 esse,
1314 4346 1456 4412 maxima
1488 4367 1556 4411 cum

382 4448 605 4533 indignatione
637 4449 755 4536 prodit.
810 4451 927 4536 Neque
958 4475 1034 4520 vero
1067 4454 1130 4520 hoc
1163 4455 1198 4517 in
1233 4455 1360 4519 cantico
1393 4455 1555 4534 eae—33,
