3340 5358
574 536 773 594 ..9-

175 708 272 773 Nunc
296 711 474 773 carminum
497 711 608 774 metris
636 711 840 793 perlustratis
864 711 1055 776 deliberatio
1085 715 1187 777 omnis
1211 723 1260 778 est

85 817 177 898 haec,
223 816 313 880 cuius
354 817 536 898 exemplum
574 817 609 879 in
649 818 783 880 canticis
822 817 1053 900 componendis
1088 819 1260 884 Terentius

85 928 216 987 secutus
240 924 296 1002 sit,
325 942 390 1005 qua
412 924 444 985 in
470 921 703 987 deliberatione
730 925 869 988 maxime
898 932 1001 988 metra
1024 933 1056 988 et
1078 925 1204 990 mediae
1228 936 1261 990 et

85 1050 187 1094 novae
219 1027 405 1093 comoediae
437 1026 597 1109 Graecae,
633 1029 752 1112 quippe
783 1050 823 1095 ex
854 1029 970 1112 quibus
1001 1036 1101 1114 poeta
1133 1030 1259 1098 fabulas

87 1157 162 1200 suas
189 1136 342 1218 hauserit,
372 1135 581 1218 inspiciamus
608 1155 740 1200 necesse
772 1145 829 1200 est.
879 1136 997 1219 Itaque
1027 1141 1167 1220 primum
1197 1138 1260 1203 hoc

85 1263 160 1308 vere
175 1242 251 1307 licet
264 1242 380 1324 dicere,
396 1250 566 1324 utramque
583 1241 783 1307 comoediam
798 1243 936 1308 choricis
952 1243 1149 1309 carminibus
1164 1246 1260 1328 plane

86 1369 196 1413 carere
229 1354 262 1412 et
291 1349 401 1413 metris
429 1349 477 1412 uti
509 1346 768 1432 simplicioribus,
800 1351 944 1414 trimetro
976 1349 1173 1433 dominante,
1205 1355 1260 1434 qui

84 1460 274 1520 tetrametro
307 1456 388 1519 locis
423 1454 662 1519 sublimioribus
697 1455 793 1519 cedit.
848 1455 963 1538 Neque
998 1463 1115 1540 tamen,
1151 1468 1187 1522 nt
1221 1481 1260 1522 cx

86 1562 343 1644 Hephaestionis
368 1561 410 1646 (π.
428 1561 531 1644 uerba.
555 1566 611 1648 66)
636 1561 742 1626 verbis
766 1564 870 1627 conici
893 1569 1010 1646 potest,
1034 1572 1139 1628 metra
1161 1568 1262 1648 lyrica

87 1671 216 1734 omnino
240 1667 476 1750 desiderantur,
500 1689 605 1750 neque
621 1669 744 1733 Marius
760 1657 949 1735 Victorinus
972 1692 1003 1753 p.
1021 1674 1062 1734 50
1078 1680 1166 1736 recte
1181 1672 1260 1736 mihi

85 1775 212 1839 videtur
234 1774 408 1840 iudicasse:
441 1773 600 1858 Tropicum
617 1787 715 1839 catam
739 1777 896 1857 (carruca),
919 1779 1000 1862 quod
1016 1779 1149 1842 tricem
1163 1782 1261 1862 mepta

85 1904 172 1944 cerea
199 1884 394 1966 catapotium,
423 1904 481 1966 pito
508 1884 554 1942 asi
581 1893 650 1944 atat
677 1879 836 1966 Sophocles
863 1893 889 1946 ct
911 1882 1085 1968 Euripides,
1116 1886 1261 1949 comicum

85 2009 153 2050 cero
176 1989 262 2048 orario
285 2011 422 2050 'ommam
444 1999 471 2050 et
493 1989 684 2051 modulorum
707 1990 770 2072 depe
792 1991 986 2074 corapositam
1008 1992 1165 2076 reperitur,
1189 1993 1262 2056 sicut

79 2094 259 2180 pleramque
289 2097 374 2180 apud
405 2095 618 2167 Menandrum,
649 2097 702 2158 ced
733 2106 759 2159 ct
789 2096 866 2159 alios
897 2099 1108 2180 coquoscimua
1154 2098 1259 2162 Immo

85 2199 286 2283 probabilius
301 2200 347 2283 fit,
372 2201 456 2281 quod
474 2201 560 2284 apud
577 2202 649 2266 Ioh.
667 2201 819 2268 Tnetram
841 2203 875 2266 in
890 2224 1033 2286 prooem.
1050 2204 1090 2268 de
1106 2224 1187 2268 com.
1203 2204 1261 2268 IH

87 2311 128 2370 15
153 2329 184 2390 p.
204 2312 312 2389 18,16
337 2307 460 2373 Kaibel
484 2307 627 2394 (Fragm.
646 2309 740 2394 com.)
758 2311 912 2391 scriptum
928 2310 1076 2392 legimus:
1100 2309 1120 2392 ἡ
1138 2307 1192 2393 μὲν
1207 2310 1261 2374 νέα

84 2417 129 2499 τῷ
141 2413 270 2498 ἰαμβικῷ
282 2413 381 2499 μέτρῳ
397 2411 444 2478 ἐπὶ
460 2415 596 2477 πλεῖστον
608 2419 726 2500 χρῆται,
745 2414 874 2486 σπανίως
887 2413 921 2477 δὲ
937 2413 986 2478 καὶ
1003 2415 1115 2500 ἑτέροις
1132 2415 1257 2501 μέτροις,
1361 2457 1365 2468 ·

84 2527 123 2602 τῇ
146 2515 180 2580 δὲ
199 2521 312 2602 παλαιᾷ
334 2519 516 2604 πολυμετρία
538 2518 571 2582 τὸ
589 2521 838 2602 σπουδαζόμενον.
861 2522 1004 2605 διασκευῇ
1028 2519 1062 2584 δὲ
1086 2521 1130 2585 ὅτι
1154 2523 1185 2585 ἐν
1205 2521 1260 2606 μὲν

84 2635 122 2710 τῇ
145 2625 198 2708 νέα
221 2631 322 2711 χορῶν
350 2625 405 2688 οὐκ
433 2623 504 2704 ἔδει,
536 2626 567 2688 ἐν
591 2625 689 2710 ἐκείνῃ
714 2623 820 2690 δὲκαὶ
850 2624 985 2710 μάλιστα.
1036 2627 1153 2712 Neque
1181 2651 1259 2695 vero

84 2734 147 2797 hoc
170 2733 405 2816 neglegendum
428 2743 485 2816 est,
509 2735 683 2818 scriptores
707 2744 830 2800 veteres
855 2757 894 2800 ex
923 2735 1109 2801 comoediae
1133 2736 1260 2802 mediae

84 2840 288 2922 recentisque
311 2839 428 2905 fabulis
445 2851 511 2904 tarn
528 2841 677 2924 exiguum
692 2841 946 2924 fragmentorum
961 2843 1134 2924 lyricorum
1150 2865 1260 2908 nnme-

84 2967 155 3009 rum
180 2945 273 3010 uobis
302 2947 430 3012 tradere
454 2948 538 3028 ideo,
568 2949 655 3031 quod
684 2951 717 3012 in
747 2951 881 3012 canticis
906 2950 1082 3013 sententias
1107 2970 1170 3014 non
1199 2952 1260 3014 nisi

83 3073 158 3118 raro
182 3052 416 3136 deprehendas,
439 3053 592 3118 diverbiis
624 3056 811 3138 saepissime
844 3058 1031 3138 sententiae,
1063 3056 1158 3139 dicta,
1185 3078 1259 3140 pro-

84 3158 204 3242 verbia,
243 3165 420 3244 praecepta
456 3163 651 3238 inseruntur,
688 3161 806 3244 quibus
844 3162 1016 3227 laudandis
1056 3163 1261 3229 delectantur

83 3271 240 3330 erectores

171 3373 244 3436 Iam
267 3372 376 3438 media
395 3377 582 3438 examinata
605 3367 775 3438 comoedia
796 3375 883 3458 apud
900 3375 1123 3457 Antiphonem
1138 3378 1259 3441 inveni-

82 3486 181 3543 untur
196 3479 279 3543 haec
294 3485 411 3543 metra:
430 3479 559 3545 dimetri
575 3501 668 3564 anap.
686 3480 759 3566 (hg.
773 3485 824 3564 90,
838 3485 889 3564 91,
908 3485 981 3565 112,
999 3486 1072 3564 132,
1090 3487 1162 3565 133,
1181 3484 1258 3568 172)

81 3589 260 3651 hexametri
292 3585 442 3670 dactylici
469 3588 621 3652 trimetn's
652 3577 838 3671 interpositi
861 3589 953 3676 (194,
980 3593 1067 3676 196),
1097 3590 1259 3656 distichon

84 3692 187 3778 (149),
208 3693 307 3758 troch.
324 3695 499 3776 septenarii
515 3703 548 3757 et
563 3692 721 3758 Choirilia
737 3695 847 3781 (174),
871 3696 960 3777 apud
976 3696 1258 3762 Anaxandn'dem:

83 3799 306 3882 paroemiacus
323 3821 397 3865 cum
408 3806 596 3868 tetrametro
611 3821 703 3884 anap.
721 3805 910 3866 coniunctus
922 3801 1005 3888 (10),
1021 3823 1115 3885 anap.
1132 3803 1260 3868 dimetri

84 3910 151 3992 (27,
181 3907 249 3991 41),
282 3906 467 3973 hexameter·
498 3906 584 3972 dact.
618 3907 700 3994 (60),
731 3906 829 3972 iamb.
862 3897 1041 3973 tetrametri
1077 3919 1137 3975 cat.
1171 3910 1258 3997 (34);

83 4014 170 4096 apud
202 4013 380 4078 Eubulum:
420 4036 515 4098 anap.
548 4015 677 4080 dimetri
706 4016 774 4101 (63,
809 4019 859 4098 77,
897 4016 984 4101 133),
1015 4016 1193 4082 hexametri
1227 4025 1259 4082 et

83 4119 284 4204 ithyphallici
313 4121 381 4206 (36,
407 4122 495 4204 139),
526 4122 705 4186 hexametri
735 4123 802 4208 (28,
829 4126 903 4203 107,
930 4123 1018 4208 108),
1049 4123 1134 4188 dact.
1159 4129 1259 4188 tetra-

82 4229 178 4291 metri
202 4225 306 4312 (106),
327 4228 442 4310 fragm.
468 4227 553 4292 dact
578 4228 682 4316 (104),
707 4249 850 4313 paeones
875 4228 985 4315 (112);
1010 4229 1097 4312 apud
1111 4229 1257 4294 Alexim:

82 4353 178 4416 anap.
208 4333 339 4399 dimetri
371 4334 475 4421 (162),
506 4335 685 4400 hexameri
716 4335 798 4422 (22),
829 4335 1014 4419 Eupolidea
1045 4335 1135 4422 (206,
1169 4339 1258 4422 237),

83 4438 274 4504 Choirilium
292 4441 400 4526 (132);
425 4441 512 4524 apud
528 4441 729 4526 Ephippum:
756 4462 850 4525 anap.
867 4442 998 4508 dimetri
1019 4442 1063 4528 (1,
1088 4447 1118 4523 5,
1137 4447 1256 4526 12,13,
