3340 5358
618 540 747 603 „45
797 573 838 586 ...

229 712 303 780 Iam
319 714 445 780 exsistit
460 713 619 797 quaestio,
644 713 801 798 quidhoc
822 713 884 781 sibi
906 715 998 798 relit3
1021 725 1130 784 utrum
1149 725 1247 801 poeta
1258 717 1316 802 ,ita

137 823 316 904 scripserit,
328 842 370 886 au
386 820 536 888 codicum
546 820 679 888 lectioni
689 820 901 888 diffidendum
916 825 966 889 sit
997 821 1071 906 Qua
1080 823 1114 888 in
1127 827 1315 906 quaestione

135 937 275 1014 apparet
290 949 418 995 omnem
434 926 553 994 cantici
565 930 833 1012 compositionem
844 930 888 996 ad
901 933 1142 1014 congruentiam
1158 939 1315 1016 spectare,

138 1045 238 1120 atque
269 1038 297 1102 si
320 1034 431 1121 001οἺ
462 1035 580 1102 dixerit
603 1033 842 1120 Clytaemestra
867 1038 901 1102 in
929 1058 1047 1103 scaena
1074 1059 1140 1104 non
1166 1043 1315 1104 versante

136 1163 250 1216 vorsus
267 1145 363 1226 1404,
381 1146 479 1227 1405,
497 1146 583 1208 1409
597 1144 720 1210 solutos
733 1165 803 1210 esse
814 1145 1034 1229 responsione,
1050 1146 1126 1212 huic
1138 1146 1315 1212 sententiae

137 1249 252 1333 officit,
276 1250 365 1335 qnod
389 1248 644 1336 Clytaemestrae
672 1249 770 1318 verba
792 1275 821 1320 0.
846 1256 942 1334 1410,
976 1256 1072 1328 1410,
1099 1256 1184 1318 1416
1209 1253 1315 1320 vorbis

137 1357 268 1424 Orestis
298 1357 543 1442 diligentissime
576 1367 783 1444 opponuntur
812 1367 846 1426 00
878 1359 1031 1426 Electrae
1065 1381 1192 1427 versum
1228 1364 1313 1425 1406

136 1464 250 1532 deficit
272 1485 383 1532 versus
399 1464 608 1549 respondens.
653 1465 816 1550 Quocirca
837 1465 908 1532 fieri
930 1488 996 1533 nou
1016 1473 1133 1551 potest,
1159 1467 1315 1550 quiahoc

135 1573 212 1638 loco
247 1571 414 1638 codicibus
450 1574 545 1655 culpa
579 1576 622 1638 sit
660 1572 877 1655 attribuenda,
911 1577 1103 1658 praesertim
1138 1595 1210 1640 oum
1244 1595 1315 1658 per·

136 1700 292 1746 sonarum
314 1681 594 1764 mutatio-semper
610 1680 724 1746 eodem
740 1682 812 1747 loco
829 1691 862 1746 et
876 1682 1029 1765 strophae
1046 1686 1080 1747 et
1094 1681 1314 1765 antistmphae

134 1786 330 1869 inveniatur,
361 1807 520 1870 personas
551 1796 658 1854 autem
688 1791 790 1872 ipsae,
826 1787 949 1854 scilicet
982 1790 1016 1853 in
1049 1793 1142 1873 purte
1177 1791 1313 1871 integra,

135 1895 260 1980 optime
284 1914 324 1958 ex
339 1889 616 1978 adverso'positae
632 1897 710 1961 sint:
735 1895 852 1962 chorus
868 1895 978 1978 choro,
1001 1894 1135 1961 Electra
1150 1894 1313 1975 Electrae,

137 2000 394 2089 Clytaemestrae
418 1999 561 2068 Orestes.

231 2127 272 2193 In
295 2124 466 2211 Sophoclis
490 2126 607 2211 Oedip.
622 2127 663 2194 R.
687 2148 812 2193 commo
838 2131 990 2192 650-οῚ
1016 2129 1211 2193 discernitur
1232 2130 1317 2192 inter

137 2235 307 2318 stropham
331 2239 484 2300 050-68
509 2240 542 2300 00
564 2235 799 2319 antistropham
823 2239 987 2318 679-07,
1011 2236 1143 2301 Iocasta
1166 2242 1200 2300 et
1215 2233 1315 2301 Oedi-

136 2342 226 2426 pode
240 2345 275 2407 iu
290 2344 394 2407 vicem
408 2341 688 2426 respondentibus,
714 2363 786 2408 cum
808 2343 947 2408 trimetri
964 2345 1128 2426 069-78,
1152 2345 1209 2425 qui
1232 2344 1316 2407 inter

137 2449 308 2534 stropham
339 2458 372 2514 00
402 2449 637 2534 antistropham
660 2450 759 2534 positi
788 2448 832 2515 ad
854 2448 1004 2516 Creontis
1034 2452 1220 2515 missionem
1242 2470 1314 2533 per·

136 2559 255 2641 tinent,
290 2565 382 2641 parte
418 2565 613 2641 congruente
648 2566 789 2623 careant.
847 2558 960 2623 Etiam
998 2557 1085 2641 apud
1122 2556 1315 2640 Euripidem

136 2663 391 2749 pulcherrimum
404 2664 499 2730 huius
510 2667 559 2730 rei
571 2667 753 2749 exemplum
764 2668 942 2749 reperimus
955 2667 987 2730 iu
995 2664 1160 2730 Troadum
1172 2663 1315 2730 versibus

140 2775 306 2854 570-06,
332 2768 448 2855 quibus
465 2774 498 2836 in
514 2770 660 2837 uersibus
676 2793 778 2856 usque
794 2793 923 2856 quaque
940 2793 979 2837 eo
994 2773 1078 2854 loco,
1103 2792 1167 2854 quo
1184 2771 1317 2854 atropha

136 2877 276 2962 praebet
297 2877 574 2961 Andromacham,
597 2881 631 2944 in
655 2879 857 2963 antistropha
879 2878 1019 2945 Hecuba
1041 2879 1213 2944 inducitur.

227 3002 299 3069 Nec
319 3001 473 3069 differunt
487 3003 720 3088 Aristophanis
737 3004 932 3070 comoediae.
966 3004 1053 3069 Nam
1068 3009 1194 3070 tantum
1212 2995 1315 3086 abest,

135 3120 176 3176 ut
198 3119 296 3194 poeta
310 3110 478 3195 indulgeat
492 3113 653 3193 licentiae,
677 3121 714 3176 ut
737 3117 851 3177 contra
874 3113 970 3195 leges,
994 3133 1074 3195 quas
1097 3132 1175 3176 usus
1200 3111 1315 3193 sanxit,

137 3217 385 3302 diligentissime
420 3223 583 3303 sequatur.
638 3216 735 3301 Quod
770 3217 936 3284 evidenter
969 3219 1134 3284 illustrant
1169 3219 1316 3301 exempla

136 3346 205 3391 non
230 3324 348 3391 dubiae
369 3323 455 3391 fidei.

228 3433 361 3500 Etonim
391 3435 426 3498 in
456 3433 641 3518 Lysistrata
670 3457 698 3499 v.
728 3437 905 3499 tal-804
918 3465 960 3488 =
973 3437 1127 3498 804-28
1158 3441 1195 3497 00
1225 3432 1316 3497 chori

137 3561 253 3606 sonum
277 3546 310 3607 et
324 3542 494 3608 mulierum
516 3543 602 3608 inter
625 3561 659 3608 00
676 3543 839 3624 contrarii,
863 3543 909 3607 ita
933 3541 1002 3606 seni
1024 3540 1177 3624 strophae
1200 3539 1316 3605 mulier

137 3648 362 3732 antistrophao
396 3651 583 3732 opponitur,
624 3657 657 3714 00
690 3649 846 3732 similiter,
885 3651 913 3713 si
949 3648 1096 3714 conferas
1131 3647 1316 3731 Vesparum

135 3775 249 3821 versus
267 3758 419 3821 tao-45
434 3785 476 3811 ε
489 3759 653 3838 631-47,
670 3756 766 3822 100110
782 3755 960 3839 intellegas,
985 3775 1058 3820 cum
1074 3753 1190 3820 chorus
1207 3753 1316 3819 sedem

135 3883 204 3929 non
227 3868 341 3946 mutet,
372 3863 406 3929 in
430 3863 565 3947 stropha
586 3850 854 3948 Bdelycleontem
879 3862 1075 3947 respondere
1098 3861 1315 3926 Philocleonti

136 3971 371 4054 antistrophae,
406 3977 635 4055 praeterquam
673 3968 761 4054 quod
789 3969 922 4037 iambici
953 3971 1129 4054 septenarii
1160 3960 1313 4034 642-'43

136 4098 160 4144 a
181 4073 407 4144 Philocleoute
430 4080 501 4144 solo
523 4079 707 4145 recitantur.

122 4299 126 4306 Ι
226 4202 286 4277 Ad
303 4225 342 4268 ea
353 4225 454 4290 prope
471 4204 632 4270 accedunt
648 4205 803 4288 exempla,
820 4201 983 4287 inquibus
1000 4203 1091 4294 chori
1107 4210 1140 4267 et
1151 4172 1314 4267 histrionis

135 4312 213 4377 loca
239 4313 324 4377 inter
351 4333 387 4377 se
413 4317 585 4378 mutantur.
632 4311 714 4378 Eius
736 4311 825 4378 modi
852 4319 902 4377 est
929 4311 1314 4375 0000000348-42910

173 4521 178 4527 ·
230 4494 253 4562 ¹)
271 4491 465 4560 Wilsmowita,
485 4489 619 4548 Herakles
637 4487 687 4546 11²
706 4490 766 4545 let.

1135 4581 1155 4633 4
