3340 5358
593 529 813 590 ..41-

201 705 244 769 In
268 704 434 770 codicibus
458 705 535 770 ΑΒ
549 703 575 770 0
588 705 629 770 D'
642 704 712 770 FP
734 726 845 770 versus
872 709 934 769 179
966 707 1083 790 legitur
1110 706 1291 772 trochaicus

101 814 297 878 octonarius
321 832 425 895 neque
449 812 627 896 quidquam
649 811 749 878 habet
770 811 893 878 mendi:
916 884 917 890 ἵ

179 917 299 984 Nullus
328 940 371 1000 es,
409 917 506 1002 Geta,
543 921 605 984 nisi
637 922 700 985 iam
734 919 865 1001 aliquod
898 918 957 989 tibi
989 921 1157 984 consilium
1188 921 1291 984 celere

438 1027 570 1110 reperis.

140 1173 143 1180 ·
202 1130 308 1216 Quem
332 1153 405 1198 oum
428 1155 555 1199 versum
578 1132 753 1199 iambicum
783 1135 984 1199 octonarium
1010 1131 1131 1198 scribat
1163 1155 1293 1198 necesse

105 1243 164 1322 sit,
196 1237 393 1304 Oonradtius
426 1261 445 1305 a
474 1238 633 1306 librorum
662 1242 801 1306 lectione
833 1238 964 1306 aberrat
998 1240 1091 1322 adeo,
1126 1235 1164 1304 ut
1194 1239 1292 1306 verbo

103 1349 243 1430 reperies
264 1367 324 1430 pro
346 1349 459 1432 repetes
480 1355 613 1430 recepto
638 1368 701 1413 non
727 1349 830 1413 solum
853 1347 953 1410 uellus
977 1371 1006 1411 es
1028 1349 1061 1412 in
1085 1347 1205 1430 auda'e,
1235 1349 1292 1412 sed

107 1454 212 1518 etiam
235 1455 295 1516 ariri
317 1455 350 1517 in
374 1456 415 1535 ai,
441 1453 678 1538 quodquidam
702 1463 751 1520 est
774 1460 889 1520 contra
911 1475 1006 1519 nsum
1021 1453 1293 1542 Terentianum‚¹)

109 1560 293 1626 contrahat.
339 1559 407 1627 Sed
430 1582 502 1626 cum
526 1582 567 1626 ne
590 1560 652 1626 hoo
677 1560 808 1644 quidem
831 1561 928 1626 modo
953 1559 1107 1626 offeratur
1126 1562 1295 1644 responsio

107 1669 200 1732 inter
223 1668 390 1751 stropham
414 1674 447 1733 et
463 1668 709 1751 antistropham,
736 1666 933 1733 Oonradtius
949 1688 1077 1732 versum
1095 1671 1157 1731 188
1187 1667 1294 1732 delere

108 1797 177 1838 non
196 1774 338 1854 dubitat3
356 1797 416 1840 uec
432 1783 529 1842 recte.
559 1775 646 1840 Nam
657 1777 798 1860 primum
812 1774 943 1859 quidem
959 1774 1044 1838 huno
1057 1796 1185 1840 versum
1197 1772 1295 1839 verba

109 1882 341 1956 antecedentia
365 1884 486 1966 optime
514 1882 786 1966 comprehendere
813 1881 908 1946 facile
936 1881 1144 1966 intellegitur,
1177 1881 1294 1946 deinde

112 1973 215 2054 etiam
237 1991 270 2054 in
286 1989 387 2054 verbo
411 1990 504 2054 cebri
525 2011 588 2054 nou
607 1999 657 2054 ost
672 1987 912 2070 offendendum,
937 1987 1025 2073 quod
1040 1988 1103 2054 hoo
1119 1991 1193 2053 loco
1208 1988 1295 2054 idem

112 2095 289 2178 significat*
306 2117 344 2160 ac
368 2097 464 2160 totae.
510 2096 556 2161 Et
583 2119 623 2160 ne
652 2099 698 2161 sio
727 2096 859 2179 quidem
890 2102 940 2161 est
969 2098 1182 2178 congruentia
1210 2097 1295 2160 inter

114 2203 282 2286 stropham
322 2212 355 2267 et
393 2204 641 2287 antistropham,
682 2225 755 2268 cum
791 2201 922 2267 deficiat
956 2201 1200 2285 antistropham,
1237 2204 1293 2285 qui

110 2311 305 2392 postulatur,
348 2309 505 2376 iambicus
549 2310 686 2375 dimeter
729 2310 936 2375 acataleotus.
1003 2307 1096 2392 Quae
1136 2307 1295 2374 Conradti

112 2418 200 2482 ratio
231 2426 267 2480 ut
297 2418 452 2501 exemplis
486 2419 589 2500 magis
624 2422 745 2500 pateat,
776 2417 874 2482 hosat
908 2415 1002 2482 nobis
1037 2415 1223 2498 admonere,
1255 2415 1295 2480 de

115 2523 235 2610 quibus
263 2526 370 2606 eapite
401 2525 502 2588 altero
534 2523 779 2606 disputavimus,
811 2543 960 2588 versuum
992 2522 1076 2589 Eun.
1101 2525 1180 2602 6513
1210 2521 1294 2588 Hec.

116 2632 197 2700 520:
221 2631 285 2694 Ad.
312 2634 385 2694 158.

205 2727 282 2802 Huc
306 2737 435 2804 accedit
450 2740 553 2802 altera
569 2758 676 2802 causa.
725 2736 862 2802 Constat
885 2737 971 2801 enim
987 2736 1138 2820 strophas
1162 2741 1196 2800 et
1211 2739 1292 2800 anti-

117 2843 268 2928 strophas
287 2845 321 2909 in
343 2845 432 2910 chori
454 2842 649 2910 carminibus
668 2843 857 2927 tragoediae
882 2842 1134 2925 comoediaeque
1156 2840 1295 2908 Graeco-

115 2971 188 3014 rum
220 2972 319 3034 usque
352 2972 481 3034 quaque
513 2951 619 3016 claudi
651 2951 741 3034 gravi
771 2952 1032 3033 interpunctione
1068 2958 1101 3014 et
1135 2951 1295 3014 sententia

117 3061 252 3141 integra.
299 3057 366 3124 Sed
388 3057 585 3124 Oonradtius
616 3058 691 3123 huic
715 3059 778 3142 legi
802 3057 884 3122 adeo
912 3059 978 3121 rim
1008 3064 1041 3120 et
1068 3059 1294 3122 auctoritatem

115 3165 238 3229 nnllam
262 3165 384 3248 tribuit,
407 3171 445 3231 ut
460 3165 664 3248 stropharum
689 3163 1028 3246 antistrophammque
1046 3163 1119 3228 finis
1131 3165 1294 3246 plerisque

115 3274 197 3336 locis
221 3273 347 3337 medias
370 3275 546 3338 sententias
569 3275 794 3354 interrumpat.

188 3394 308 3460 ¹Cuius
339 3399 387 3459 rei
423 3400 562 3479 primum
594 3395 751 3461 adhibeas
787 3397 969 3478 exemplum
999 3395 1150 3479 Hecyrae
1184 3415 1294 3460 versus

117 3506 284 3583 sel-53,
309 3502 396 3584 quod
420 3524 550 3568 carmen
575 3502 772 3568 Conradtius
797 3501 911 3566 dividit
933 3501 1031 3568 hasce
1055 3504 1088 3566 in
1112 3510 1234 3585 partes:

491 3609 519 3674 I.
543 3609 677 3692 stropha
700 3613 866 3675 841-42.

469 3717 516 3782 II.
542 3718 746 3801 antistropha
770 3719 934 3781 843-44,

450 3825 517 3893 ΠΙ.
542 3824 665 3908 epodus
690 3827 855 3888 sto-53.

143 3949 146 3955 “
209 3949 339 4031 Verum,
378 3950 466 4032 quod
497 3952 614 4016 attinet
648 3949 689 4015 ad
729 3951 931 4029 sententiam,
965 3950 1127 4012 canticum
1161 3950 1194 4012 in
1229 3956 1296 4012 tres

118 4062 228 4139 partes
275 4056 435 4122 dissecare
475 4078 606 4122 necesse
650 4066 708 4138 est,
755 4077 891 4139 quarum
929 4057 1034 4138 prima
1072 4055 1295 4138 complectitur

119 4183 229 4228 versus
272 4161 443 4246 tam-⁴44,
484 4165 586 4228 altera
628 4184 739 4228 versus
778 4166 942 4244 sto-47,
990 4163 1087 4225 tertia
1129 4161 1293 4246 848-5a

210 4379 233 4445 ¹)
248 4375 284 4431 e.
302 4377 472 4446 erogatus,
506 4362 576 4432 ute
599 4375 651 4430 aa
671 4375 813 4431 cesama
838 4374 884 4430 aa
909 4373 1112 4429 amasam
1130 4372 1172 4427 ua
1195 4373 1226 4427 a
1248 4372 1295 4426 aa

121 4467 223 4522 dderca
240 4467 388 4533 Latinitdt
407 4466 520 4536 ldpeioe
540 4467 616 4520 1887.
