3340 5358
610 569 829 631 ..39-

132 746 221 831 qnod
251 745 471 812 a00nradti0
494 747 539 832 (p.
566 747 622 833 82)
654 767 756 830 usque
788 745 830 810 ad
862 767 990 810 versum
1019 748 1086 810 654
1114 744 1307 827 extenditur,

129 854 364 920 sententiarum
387 862 496 936 partes
519 852 613 919 facile
637 852 857 933 dinoscuntur,
891 853 952 916 nisi
976 871 1086 917 versus
1110 856 1264 918 eac-29
1288 873 1309 918 a

129 963 265 1044 reliquis
290 962 494 1026 secernimus.
539 959 659 1044 Itaque
676 961 821 1025 clausula
845 963 912 1023 636
936 959 993 1024 illa
1013 957 1144 1041 quidem
1167 981 1188 1024 a
1210 959 1308 1024 totius

129 1068 281 1133 carminis
298 1076 486 1150 argumento
511 1067 618 1132 aliena
640 1072 699 1150 est,
724 1066 782 1132 sed
806 1086 879 1131 cum
899 1066 1062 1132 sententia
1084 1074 1152 1130 tum
1175 1086 1308 1131 numero

130 1176 249 1240 attinet
279 1174 322 1239 ad
352 1193 479 1240 versum
510 1173 758 1257 praecedentem
789 1181 822 1238 et
852 1178 965 1258 utpote
998 1170 1204 1256 proverbium
1227 1171 1308 1246 Heu,

127 1282 296 1368 peculum
318 1304 386 1343 arem
409 1283 521 1365 epomdt
541 1281 617 1344 midi
637 1301 755 1364 magna
777 1282 879 1345 utitur
902 1281 1069 1364 gravilate.

219 1387 273 1453 Ex
296 1387 356 1470 his,
389 1409 472 1472 quae
503 1387 580 1470 dixi,
612 1391 691 1453 satis
723 1393 860 1472 apparet
882 1388 1021 1472 primum
1045 1377 1177 1471 quidem
1199 1408 1309 1453 omnes

131 1495 294 1562 clausulas
317 1493 460 1577 pondere
476 1494 619 1578 quodam
635 1494 815 1560 sententiae
838 1495 896 1576 uti,
920 1493 1038 1560 deinde
1062 1493 1163 1559 dividi
1184 1495 1219 1558 in
1238 1495 1309 1560 cola

130 1601 243 1667 finalia
257 1607 291 1667 et
304 1602 452 1684 initialia,
477 1622 614 1685 quorum
629 1602 738 1686 priora
754 1622 881 1685 semper
897 1622 970 1666 cum
985 1622 1081 1666 versu
1097 1599 1309 1666 antecedente

131 1717 291 1793 perpetuo
307 1707 481 1774 cohaerent
496 1729 640 1792 numero,
667 1713 765 1792 atque
788 1711 844 1790 ita,
869 1715 907 1773 nt
921 1709 1076 1792 pleraque
1092 1708 1165 1796 (16)
1181 1713 1309 1773 senten·

131 1817 250 1881 tiarum
277 1825 385 1899 partes
410 1816 572 1898 claudant,
601 1837 674 1881 curn
698 1822 852 1898 quattuor
874 1817 1014 1900 primurn
1037 1837 1164 1880 versum
1188 1813 1308 1880 ordinis

133 1925 364 1989 sententiarum
395 1923 558 2006 excipiant
588 1930 621 1986 et
651 1927 806 2006 quattuor
837 1921 879 1987 ad
911 1943 1091 1988 sermonem
1113 1927 1309 2006 usurpentur

130 2029 392 2113 exaggerandum
420 2039 516 2112 atque
541 2029 733 2114 augendum.
779 2027 871 2113 Quae
895 2030 1038 2095 colorum
1067 2051 1188 2114 genera
1211 2031 1309 2093 etiam

130 2139 165 2201 in
188 2137 338 2203 clausulis
368 2136 547 2202 initialibus
577 2139 730 2202 invenies.
776 2135 863 2202 Nam
893 2135 969 2201 illae
1000 2157 1133 2201 numero
1157 2135 1309 2200 corduno

132 2265 206 2308 cnm
228 2265 322 2310 versu
345 2254 499 2327 sequente
523 2246 761 2327 coniunguntur
783 2249 914 2328 praeter
937 2243 1028 2324 duas,
1059 2263 1143 2326 quae
1172 2241 1213 2307 ob
1237 2263 1309 2307 eam

134 2353 239 2436 ipsam
262 2371 394 2416 causam
415 2356 551 2416 utuntur
573 2353 704 2435 proprio
727 2352 806 2415 iure.
