3340 5358
631 463 859 566 ¹-ra-

158 702 236 746 cum
259 681 398 746 trimetri
420 677 552 745 iambici
577 682 728 744 616ε717
754 687 842 744 recte
866 681 952 744 inter
979 700 1013 744 se
1037 688 1250 763 opponantur.
1297 679 1339 744 In

156 789 294 871 reliquis
318 794 427 853 autem
449 785 594 852 uersibus
617 791 751 870 propter
781 790 966 870 corruptam
990 785 1139 852 codicum
1166 788 1338 852 lectionem

157 903 252 960 tanta
273 893 388 959 haeret
410 896 836 988 perversitasnumerorum‚
861 900 898 958 ut
911 894 1079 978 responsio
1102 895 1193 958 nulla
1209 894 1336 960 evadat.

157 999 256 1086 Quod
307 999 530 1085 frequentibus
583 999 791 1066 confirmatur
841 997 1121 1066 emendationibus
1172 1000 1336 1089 (Remigii,

154 1107 349 1193 Hermanni,
371 1107 553 1192 Fritzschii,
576 1108 708 1192 Engeri,
732 1107 897 1191 Blaydesi‚
921 1105 1079 1194 Velaeni),
1112 1129 1194 1192 quae
1225 1128 1336 1174 omnes

154 1217 245 1280 inter
260 1236 294 1280 se
311 1214 406 1280 valde
423 1214 617 1299 discrepant.
655 1215 774 1298 Itaque
791 1223 935 1298 apparet,
957 1235 1155 1298 quamquam
1170 1215 1338 1299 complura

154 1323 376 1406 responsionis
407 1321 529 1388 indicia
564 1324 813 1404 conspiciantur,
850 1331 958 1386 tamen
989 1342 1063 1387 vere
1092 1325 1338 1406 responsionem

153 1428 409 1495 intercarmina
433 1433 586 1494 668-87
611 1434 644 1494 et
669 1433 820 1493 707-27
846 1429 967 1494 nullam
991 1451 1071 1494 esse.
1160 1501 1162 1507 ,

249 1551 374 1638 Quibus
399 1555 537 1637 coguitis
569 1575 642 1618 cum
668 1574 737 1618 rem
765 1554 1010 1638 complectimur
1045 1555 1163 1636 animo,
1196 1554 1336 1620 dilucide

156 1659 308 1744 efficitur,
331 1663 423 1726 utin
447 1661 497 1725 bis
522 1658 717 1726 carminibus
739 1682 798 1744 per
826 1660 976 1744 strophas
999 1661 1097 1726 factis
1123 1682 1335 1745 personarum

154 1770 295 1835 mutatio
320 1767 435 1833 eodem
458 1767 530 1834 loco
555 1775 587 1832 et
611 1768 764 1850 strophae
781 1773 815 1833 et
830 1767 1052 1853 antistrophae
1068 1769 1205 1833 inveniri
1226 1771 1337 1853 soleat,

154 1878 224 1941 sive
256 1864 392 1941 eaedem
420 1895 588 1959 personae,
618 1881 656 1940 ut
686 1875 859 1940 maximam
889 1884 1015 1959 partem
1046 1874 1092 1957 fit,
1126 1876 1336 1961 respondent,

153 1984 224 2048 sive
248 1985 296 2048 ita
317 1982 476 2064 locantur,
508 1990 545 2047 ut
568 1989 656 2047 certa
687 2003 827 2066 persona
859 1983 1010 2066 strophae
1042 1991 1150 2048 certae
1178 2004 1336 2068 personae

155 2089 379 2174 antistrophae
418 2091 567 2174 opposita
606 2091 656 2154 sit.
719 2088 824 2173 Quam
863 2088 904 2155 ob
944 2111 1023 2170 rem,
1063 2093 1091 2155 si
1128 2091 1162 2155 in
1201 2093 1336 2157 canticis

154 2195 360 2263 Terentiams
384 2218 493 2262 versus
518 2196 732 2282 disponuntur
755 2196 997 2281 antistrophice,
1022 2198 1109 2281 leges
1125 2219 1335 2282 personarum

155 2306 346 2370 mutationis
381 2313 525 2370 servatas
560 2325 630 2369 esse
662 2312 797 2387 oportet.
851 2303 933 2370 Illae
965 2313 1073 2369 autem
1106 2327 1125 2370 a
1155 2303 1336 2371 Conradtin

156 2409 254 2495 plane
284 2412 450 2494 neglectae
482 2419 565 2494 sunt,
598 2415 637 2475 ut
666 2410 818 2476 facillime
851 2431 1026 2495 cognoscas
1059 2434 1098 2477 ex
1128 2412 1178 2476 his
1210 2411 1336 2477 duobus

158 2519 328 2603 exemplis:

252 2648 279 2708 l.
302 2643 385 2710 Hac.
410 2646 563 2709 tre—22
578 2674 619 2698 ι-
635 2646 788 2707 523-28
813 2641 977 2726 (Conradt
998 2664 1029 2728 p.
1056 2644 1143 2731 179).

401 2772 476 2834 516.
1020 2772 1094 2834 523.

248 3549 321 3634 Quo
344 3554 378 3617 in
402 3554 545 3618 carmine
568 3573 608 3618 ne
631 3573 696 3619 uno
721 3553 851 3637 quidem
874 3555 946 3620 loco
961 3575 1116 3638 personas
1139 3557 1335 3642 respondere

158 3657 255 3724 facile
277 3661 481 3742 perspicitur.

250 3769 279 3829 i.
304 3765 387 3832 Heu.
412 3770 789 3832 eor-12:613-17
815 3766 977 3852 (Gomadt
999 3791 1030 3853 p.
1057 3770 1143 3856 182).
