3340 5358
881 546 1078 602 -g-

393 716 514 798 ambigi
537 738 602 782 non
617 719 682 782 iarn
698 719 781 781 licet.
821 717 906 782 Nam
924 727 1051 782 constat
1067 740 1195 784 carmen
1217 719 1296 784 illud
1315 718 1571 786 Grenfellianum

393 825 433 888 ab
447 824 550 888 altera
561 832 654 905 parte
665 844 737 888 cum
744 824 912 907 Euripidis
925 846 960 888 re
972 828 1107 890 metrica
1119 828 1296 890 recentiore
1310 835 1378 892 arte
1388 828 1572 910 cohaerere,

393 931 433 996 ab
465 931 567 995 altera
589 939 682 1012 parte
706 931 804 994 etiam
826 952 977 1013 magnam
1006 953 1078 996 cum
1105 931 1213 996 Plauti
1237 933 1433 998 carminibus
1458 935 1571 998 simili-

392 1037 537 1101 tudinem
550 1035 674 1118 offerre,
691 1046 728 1101 ut
740 1058 798 1101 nos
810 1040 917 1120 pontis
933 1039 1036 1102 instar
1051 1060 1070 1102 a
1084 1041 1174 1120 poesi
1186 1037 1315 1104 Graeca
1330 1041 1373 1104 ad
1388 1041 1571 1105 Romanam

392 1144 561 1208 traducere
570 1144 727 1208 videatur.
748 1142 910 1226 Quocirca
923 1145 1056 1208 dubium
1065 1166 1135 1209 esse
1148 1149 1270 1228 nequit,
1285 1150 1361 1228 quin
1372 1151 1571 1211 canticorum

392 1251 686 1333 componendorum
694 1251 804 1314 Plauti
816 1271 869 1315 ars
882 1273 922 1314 ex
931 1249 1059 1316 Graeca
1071 1252 1215 1316 eiusdem
1227 1255 1381 1335 temporie
1394 1253 1570 1318 derivanda

392 1359 441 1422 sit.
481 1356 546 1422 Sed
571 1379 644 1420 cum
668 1378 797 1422 carmen
820 1358 900 1422 illud
923 1359 965 1422 ad
989 1359 1115 1442 singula
1137 1369 1240 1424 metra
1264 1360 1480 1441 comparanda
1504 1381 1569 1424 non

391 1463 550 1546 praebeat
566 1467 643 1528 satis
660 1465 824 1544 materiae,
842 1467 968 1529 cantica
985 1476 1017 1529 et
1032 1487 1142 1530 versus
1158 1466 1339 1530 fabularum
1354 1467 1570 1530 recentiorum

391 1570 557 1652 Euripidis
575 1569 728 1634 adhibere
752 1592 884 1635 necesse
909 1580 965 1634 est.
1013 1569 1087 1653 Qua
1109 1572 1141 1635 in
1167 1575 1408 1656 comparatione
1423 1583 1568 1655 apparet,

392 1697 588 1760 quamquam
619 1698 730 1741 versus
766 1678 882 1760 singuli
917 1699 988 1741 cum
1021 1680 1175 1760 exemplis
1207 1675 1344 1743 Graecis
1379 1685 1568 1761 congruant,

383 1787 500 1848 tamen
531 1805 641 1848 versus
673 1786 836 1849 universos
872 1805 892 1849 a
926 1806 961 1848 re
993 1787 1127 1848 metrica
1158 1782 1358 1849 Graecorum
1394 1785 1568 1850 abhorrere

330 1967 332 1974 Ι
391 1899 572 1973 propterea,
605 1890 690 1972 quod
719 1891 854 1955 Plautus
886 1891 1036 1956 stichicos
1060 1891 1319 1974 frequentissime
1347 1901 1482 1974 usurpat
1513 1901 1567 1955 aut

391 2018 447 2061 eos
470 2018 590 2078 versus,
620 2017 700 2079 quos
724 1999 793 2078 ipse
818 2019 857 2061 ex
881 1997 1047 2061 elementis
1071 2001 1198 2062 usitatis
1222 1999 1393 2081 componit,
1425 2009 1480 2063 aut
1503 2020 1568 2078 eos,

392 2124 472 2186 quos
504 2125 607 2186 usque
643 2103 749 2168 adhuc
788 2125 852 2168 non
892 2105 953 2167 nisi
989 2106 1175 2186 singillatim
1211 2107 1346 2186 scriptos
1382 2106 1567 2186 reperimus.

391 2210 507 2293 Itaque
521 2212 680 2276 octonarii
691 2210 859 2292 trochaici,
876 2210 1017 2292 iambici,
1034 2212 1241 2293 anapaestici,
1258 2211 1386 2274 dimetri
1403 2212 1567 2290 trochaici,

390 2317 531 2399 iambici,
568 2319 776 2400 anapaestici,
811 2320 992 2382 tetrametri
1026 2317 1203 2400 bacchiaoi,
1240 2318 1360 2398 cretici,
1400 2317 1566 2396 Reiziana,

391 2425 462 2488 cola
486 2427 621 2488 cretica:

553 2560 679 2587 -υ-
705 2561 830 2588 -υ-
850 2529 858 2620 Ι
877 2561 1088 2589 -υ-υ-

553 2665 681 2693 -υ-
710 2635 917 2726 -υ-Ικ
939 2667 1030 2695 um)
1050 2677 1087 2685 -

393 2753 425 2808 et
456 2743 544 2826 apud
568 2742 715 2809 Graecos
745 2753 776 2807 et
804 2745 892 2827 apud
915 2743 1069 2808 Plautum
1098 2753 1281 2825 occurrunt,
1310 2744 1356 2807 ita
1385 2753 1501 2823 tamen,
1534 2754 1571 2808 ut

391 2851 479 2933 apud
503 2849 649 2916 Graecos
674 2852 791 2933 singuli
820 2852 892 2914 aliis
917 2853 995 2915 colis
1019 2851 1309 2931 intermisceantur,
1338 2870 1410 2913 cum
1432 2849 1569 2914 Plautus

391 2957 523 3021 eosdem
555 2979 665 3022 versus
698 2961 820 3040 primus
852 2959 1028 3021 continuet.
1075 2955 1167 3040 Quae
1200 2979 1272 3021 cum
1299 2959 1346 3021 ita
1374 2957 1447 3036 sint,
1479 2956 1568 3021 nullo

390 3064 587 3145 intellegitur
619 3066 758 3146 negotio,
791 3063 953 3146 quomodo
977 3069 1075 3146 poeta·
1099 3067 1247 3148 exempla
1278 3086 1336 3129 sua
1368 3086 1431 3128 non
1462 3068 1569 3127 trans-

390 3170 510 3250 tulerit,
540 3170 598 3234 sed
626 3173 733 3253 potius
763 3172 950 3252 excoluerit,
980 3172 1142 3253 quomodo
1170 3173 1339 3235 materiam
1369 3170 1478 3234 datam
1502 3191 1567 3234 non

390 3276 486 3340 modo
510 3280 683 3360 acceperit,
709 3279 766 3342 sed
791 3278 1043 3360 amplificaverit.

480 3381 553 3467 Quo
590 3386 728 3465 accedit,
769 3384 856 3467 quod
887 3384 998 3448 Plauti
1037 3387 1165 3448 cantica
1199 3390 1374 3448 metrorum
1410 3387 1567 3448 varietate

390 3487 558 3554 abundant
582 3496 614 3554 et
630 3490 866 3555 diversissimos
891 3493 1091 3574 coniungunt
1105 3512 1225 3555 versus.
1273 3490 1360 3554 Nam
1383 3511 1446 3554 non
1465 3492 1567 3554 solum

389 3594 573 3677 iambicum,
609 3597 820 3679 trochaicum,
859 3599 1112 3681 anapaesticum,
1150 3597 1372 3678 bacchiacum,
1412 3597 1567 3661 creticum

389 3708 573 3793 rhythmum
604 3710 792 3791 reperimur,
827 3707 885 3773 sed
916 3709 1015 3772 etiarn
1045 3707 1152 3787 ionici,
1188 3703 1374 3784 choriambi,
1410 3703 1566 3786 Diphilei,

389 3815 518 3899 dactyli,
541 3813 756 3898 ithyphallici,
783 3813 951 3894 Reiziana,
981 3814 1137 3896 glyconei,
1162 3811 1286 3876 Adonii
1314 3811 1433 3894 legenti
1457 3832 1567 3874 ocem·-

392 3930 477 3986 runt.
529 3921 658 3985 Deinde
690 3942 765 3985 vero
797 3921 975 3985 carminum
1005 3920 1271 4002 compositionem
1302 3917 1442 4000 strophis
1472 3918 1568 4000 plane

390 4049 509 4110 carere,
540 4034 704 4111 postremo
734 4029 842 4091 omnia
869 4027 999 4091 cantica
1027 4025 1128 4089 dividi
1150 4025 1185 4089 in
1207 4034 1384 4090 metrorum
1407 4023 1567 4107 periodos,

390 4155 474 4218 quae
505 4135 699 4200 seutentiam
729 4134 890 4214 integram
920 4131 1099 4212 includunt,
1135 4132 1239 4215 quivis
1274 4131 1400 4195 viderit.
1455 4131 1566 4213 Atque

389 4241 471 4306 haec
486 4242 626 4324 insignia
641 4241 741 4305 etiam
757 4241 892 4322 lyricam
903 4241 1017 4323 poesin
1034 4239 1221 4320 tragoediae
1238 4242 1355 4303 ornant
1367 4239 1565 4320 posterioris.

389 4346 467 4414 Huc
482 4347 610 4412 accedit
625 4347 772 4412 alterum.
810 4343 943 4412 Scilicet
958 4345 990 4408 in
1007 4345 1123 4410 iisdem
1138 4343 1306 4428 Euripidis
1322 4343 1508 4428 tragoediis,
1533 4345 1565 4408 in

389 4452 623 4520 recentioribus
655 4453 870 4536 potissimum,
903 4452 993 4517 chori
1025 4454 1170 4517 carmina
1199 4453 1302 4534 magis
1333 4452 1500 4534 magisque
1524 4448 1565 4515 ab
