3340 5358
865 533 1085 593 -30„.

387 710 483 777 iamb.
507 709 582 776 dim.
617 708 673 774 Ita
694 712 843 791 prorsum
866 707 985 773 oblitus
1007 713 1078 773 sum
1102 710 1174 772 mel.

388 815 484 883 iamb.
509 824 571 881 oct.
621 812 710 898 dQui
733 813 876 897 quaeso?
915 813 1034 880 2Amo.
1073 814 1194 881 2Hem.
1233 813 1362 897 tNunc,
1390 815 1570 897 Parmeno,

708 932 740 988 te
764 921 945 986 ostenderis
969 922 1025 1004 qui
1048 926 1097 985 vir
1120 923 1192 986 sies.

825 1051 876 1110 27.
899 1045 1029 1110 Phorm.
1056 1049 1130 1110 191.

388 1155 488 1220 trech.
513 1165 593 1238 sept.
618 1140 752 1237 dliquid
789 1157 1014 1218 convasassem
1050 1161 1148 1234 atque
1186 1151 1261 1217 hino
1298 1173 1350 1218 me
1385 1155 1569 1218 conicerem

708 1261 870 1344 protinam
891 1264 925 1324 in
946 1258 1074 1344 pedes,

388 1368 483 1434 iamb.
507 1368 583 1433 dim.
619 1366 747 1452 lQuam
769 1389 846 1431 nam
868 1366 921 1431 hic
943 1365 1052 1449 fugam
1078 1375 1133 1430 aut
1156 1366 1277 1431 iustam
1300 1364 1416 1450 parat?

388 1474 484 1540 iamb.
508 1483 570 1539 oct.
622 1471 712 1540 tsed
733 1472 788 1538 ubi
805 1459 1024 1557 antiphonam
1045 1470 1226 1556 reperiam?
1251 1481 1306 1537 aut
1329 1494 1395 1556 qua
1411 1477 1564 1556 quaarors

710 1583 858 1645 insistam
880 1577 954 1644 via?

476 1686 549 1773 Quo
573 1689 645 1754 loco
669 1687 709 1752 de
732 1687 903 1753 Meissneri
925 1685 1162 1768 emendatione,
1195 1687 1251 1769 qui
1273 1689 1400 1768 iterum,
1434 1693 1470 1752 ut
1489 1690 1561 1771 ipse

388 1795 467 1861 dicit
489 1817 519 1880 p.
544 1799 618 1876 521,
643 1795 819 1859 clausulam
843 1793 951 1858 delere
974 1795 1108 1876 cogitur,
1138 1814 1335 1876 quamquam
1358 1796 1392 1858 in
1415 1793 1564 1860 codicum

388 1901 544 1967 divisione
573 1901 726 1966 mendum
757 1923 819 1966 non
852 1901 973 1981 haeret,
1006 1899 1085 1964 nihil
1109 1921 1238 1965 neccsse
1270 1910 1319 1965 est
1342 1900 1422 1965 mihi
1447 1901 1562 1966 dicem.

823 2029 874 2090 28.
897 2025 1027 2090 Phorm.
1051 2028 1127 2090 490.

388 2132 487 2199 trech.
512 2142 592 2217 sept.
615 2131 713 2197 tNon
744 2153 827 2215 queo
857 2142 890 2197 ts
921 2135 1054 2197 exorare
1086 2141 1121 2196 ut
1151 2153 1283 2196 maneas
1315 2131 1455 2197 triduom
1475 2130 1560 2197 hoo?

708 2260 773 2322 quo
797 2244 881 2304 nanc
904 2236 998 2304 abis?

386 2345 484 2414 iamb.
507 2347 591 2412 trim.
614 2345 783 2412 lMirabar
807 2348 834 2410 si
857 2354 893 2409 tn
915 2344 994 2410 mlhi
1011 2346 1187 2429 quicquam
1205 2345 1348 2410 adferras
1371 2347 1456 2410 nori.
1484 2345 1558 2425 alei,

387 2452 482 2519 iamb.
506 2462 585 2536 sept.
614 2453 725 2519 Metua
748 2454 897 2519 lenonem
913 2455 953 2516 na
969 2451 1049 2534 quid
1076 2503 1102 2516 ..
1126 2450 1216 2518 aSuo
1233 2456 1306 2516 suat
1330 2449 1451 2535 capiti?
1473 2451 1558 2516 idem

709 2581 768 2642 ego
791 2581 912 2624 vereor.

846 2688 896 2749 29.
920 2683 1004 2748 Hoc.
1031 2687 1105 2748 cal.

386 2791 487 2856 trech.
512 2801 592 2874 sept.
617 2767 647 2854 Ε
671 2790 777 2857 medio
802 2812 940 2874 aequom
963 2790 1120 2855 excedere
1144 2799 1206 2856 est:
1230 2794 1393 2875 postremo
1418 2795 1562 2856 oesiam

707 2896 820 2962 fabula

386 3003 482 3069 iamb.
507 3003 581 3068 dim.
617 3002 745 3086 Sumus,
769 3003 948 3086 Pamphile,
977 3023 1094 3084 „senex
1119 3009 1217 3087 atque
1241 3012 1353 3071 anus“.

386 3109 483 3180 iamb.
509 3119 588 3194 sept.
617 3109 683 3176 Sed
695 3110 789 3175 rideo
801 3110 999 3195 Phidippum
1012 3111 1123 3195 agredi
1135 3116 1345 3196 portampus:
1359 3111 1558 3178 accedamus.

838 3258 888 3319 30.
912 3252 1016 3319 Andr.
1040 3258 1117 3318 485.

386 3358 498 3426 bacch.
523 3369 648 3425 tetram.
704 3358 802 3444 Quod
816 3362 896 3424 iussi
912 3363 943 3425 si
958 3359 1029 3425 dari
1045 3359 1157 3426 bibere
1175 3371 1207 3426 et
1222 3365 1378 3445 quantum
1393 3363 1556 3446 imperavi,

386 3466 482 3534 iamb.
507 3466 582 3532 dim.
606 3475 666 3532 cat
709 3466 810 3546 Date3
833 3470 909 3532 mox
932 3488 993 3550 ego
1018 3467 1081 3533 huo
1104 3472 1258 3534 revortor.

386 3571 482 3639 iamb.
507 3573 590 3637 trim.
710 3571 775 3638 Per
802 3577 929 3638 ecastor
958 3574 1057 3640 scitus
1079 3579 1161 3658 puer
1191 3583 1241 3640 est
1263 3587 1357 3640 natus
1380 3575 1558 3660 Pamphilo.

474 3693 602 3762 Cantici
618 3699 771 3762 tel-es
795 3695 892 3762 finem
916 3719 937 3764 a
959 3698 1102 3764 stichicis
1118 3699 1263 3764 versibus
1287 3710 1373 3766 recte
1394 3703 1557 3783 seiungere

387 3803 519 3870 difficile
550 3812 599 3870 est
626 3801 788 3891 (Gouradt
814 3827 844 3888 p.
869 3805 958 3891 205),
989 3807 1067 3889 quia
1096 3805 1242 3871 versibus
1273 3817 1306 3872 et
1336 3810 1402 3872 488
1433 3817 1466 3872 et
1495 3808 1555 3870 485

387 3913 620 3977 sententiarum
643 3910 788 3976 ordinem
810 3911 896 3976 finiri
919 3911 1075 3979 videmus.
1123 3911 1189 3990 Sed
1212 3935 1286 3978 cum
1309 3915 1437 3979 cantico
1460 3934 1557 3996 usque

387 4017 431 4084 ad
453 4039 480 4082 ι.
504 4021 569 4082 488
593 4027 759 4100 protracto
782 4039 894 4084 versus
917 4022 993 4100 485,
1017 4023 1082 4084 486
1107 4019 1198 4101 duas,
1212 4021 1373 4086 clausulas
1397 4019 1558 4087 efficerent

386 4125 478 4190 iuxta
499 4125 622 4208 positas
638 4124 727 4211 (nam
751 4127 895 4190 senarius
917 4128 1004 4190 intra
1025 4127 1143 4192 cantici
1165 4125 1246 4193 lines
1268 4130 1346 4211 poni
1368 4149 1433 4193 non
1455 4135 1558 4213 potest

387 4233 448 4296 nisi
464 4229 628 4296 clausulae
643 4233 712 4296 vice
728 4232 890 4317 fungens),
914 4231 1003 4316 quod
1025 4231 1096 4298 fieri
1119 4254 1183 4299 non
1205 4243 1322 4318 potest,
1345 4243 1420 4318 post
1435 4253 1556 4299 versum

387 4340 451 4404 485
475 4338 636 4404 canhoum
660 4337 809 4403 claudere
819 4370 825 4376 ··
834 4344 970 4422 oportet,
995 4343 1187 4422 praesertim
1211 4362 1284 4406 oum
1307 4340 1360 4408 hic
1384 4343 1555 4406 sententiae

386 4464 520 4510 caesura
542 4445 670 4528 gravior
693 4454 914 4529 cognoscatur.
