3340 5358
630 523 851 582 ...35...

155 705 337 778 annectam,
366 704 502 778 exstare,
535 717 599 778 quo
623 697 695 761 loco
720 698 858 780 primurn
883 695 1013 761 definite
1036 695 1076 761 de
1099 697 1201 780 patris
1223 697 1330 762 reditu

152 803 256 870 verba
275 803 365 868 liunt.

546 927 595 992 II.
621 926 795 994 Clausulas
817 925 940 993 finales.

625 1057 653 1117 1.
679 1051 763 1116 Ειιιι.
788 1057 861 1116 306.

224 1161 409 1224 ...nescio
432 1159 550 1240 herulo,
582 1164 686 1243 neque
718 1159 803 1224 unde
835 1180 907 1224 eam
934 1181 1038 1242 neque
1067 1163 1329 1242 quorsumnam:

221 1266 276 1332 Ita
297 1271 445 1349 prorsum
469 1266 588 1332 oblitus
612 1271 682 1330 sum
706 1267 777 1331 mei.

605 1396 634 1455 2.
658 1390 887 1455 Phorm.'163.

244 1497 467 1582 Antiphonem
491 1499 619 1581 culpam
639 1497 821 1581 professum
836 1497 980 1562 versibus
998 1501 1149 1562 153—61
1166 1497 1331 1563 Phaedria

154 1607 294 1689 primum
323 1605 454 1688 quidem
485 1604 706 1670 vehementius
736 1607 916 1670 insectatur
946 1625 1048 1687 usque
1079 1604 1122 1669 ad
1152 1605 1330 1670 cursuum

148 1715 316 1778 eunocum
329 1711 533 1778 claudentem
541 1712 652 1776 Amdre
661 1712 798 1776 abundos
806 1692 952 1796 Antipho,
965 1732 1034 1776 cum
1045 1710 1161 1776 deinde
1173 1711 1330 1796 placidius

155 1819 255 1884 verba
276 1818 385 1884 faciat.

628 1931 658 1989 3.
683 1925 767 1990 Heo.
791 1929 865 1989 cal.

189 2105 192 2110 ,
244 2032 407 2116 Pamphili
437 2041 542 2098 mater
572 2054 627 2098 rus
658 2035 705 2108 ire
737 2053 771 2098 se
799 2041 966 2116 comparat
995 2035 1112 2098 marite
1141 2035 1330 2117 imperante,

154 2161 228 2204 cum
251 2140 358 2204 subito
381 2138 571 2224 Pamphilus
595 2144 722 2222 patrem
745 2138 894 2223 precibus
917 2160 1009 2204 orare
1041 2147 1184 2204 conatur.
1230 2137 1330 2204 (leuto

153 2247 218 2330 hic,
241 2246 298 2311 ubi
313 2246 459 2311 clausula
482 2251 558 2330 apte
581 2245 757 2328 inducitur,
780 2246 919 2329 primam
942 2246 1059 2311 candui
1081 2253 1208 2329 partem
1224 2245 1331 2310 claudi

155 2373 382 2436 agnoscemus:
408 2353 572 2417 Feruntur.-
596 2353 669 2416 dini.
693 2352 765 2415 alra
785 2355 816 2414 dt
833 2352 916 2416 iubes
929 2353 1059 2439 facldm.
1081 2351 1206 2416 8Pater.
1244 2351 1331 2417 Nam

156 2459 273 2525 deinde
296 2459 485 2544 Pamphilus
516 2467 652 2524 matrem
683 2460 771 2524 omni
800 2459 897 2524 modo
927 2461 1067 2524 retinere
1098 2458 1206 2523 studet
1228 2479 1330 2542 usque

154 2565 198 2632 ad
229 2587 356 2631 versum
381 2570 455 2648 617,
487 2566 564 2631 inde
594 2587 702 2650 aquo
733 2587 828 2632 versu
857 2565 934 2648 filio,
966 2566 1054 2650 quod
1082 2571 1163 2647 orat,
1195 2573 1330 2649 apatro

156 2673 333 2758 denegatur
349 2682 448 2757 atque
463 2694 594 2739 carmen
608 2679 714 2738 totum
730 2675 850 2757 optime
867 2673 1011 2738 clausula
1028 2671 1148 2746 Sumus,
1164 2672 1331 2760 Pamphile,

154 2801 260 2856 ‚mac
283 2778 371 2866 deque
393 2794 487 2844 auco⁴‘
511 2780 722 2846 concluditur.
1016 2770 1017 2773 ¹

451 2909 482 2970 4.
506 2905 611 2971 Andr.
634 2909 716 2986 4853
741 2903 781 2970 cf.
807 2926 838 2988 p.
865 2908 960 2968 3011.
985 2908 1036 2968 30.

223 3008 319 3094 Quod
341 3015 421 3076 iussi
445 3014 476 3076 ei
500 3012 571 3076 dari
593 3011 717 3093 bibere,
742 3019 775 3076 et
798 3015 956 3093 quantum
978 3013 1144 3094 impendii.

222 3117 324 3199 Date;
347 3123 424 3184 mox
447 3140 506 3202 ego
530 3118 594 3182 huc
616 3121 771 3184 revortar.

459 3246 487 3308 5.
511 3242 613 3307 Haut.
639 3246 718 3322 5903
744 3241 785 3306 cf.
809 3264 840 3326 p.
865 3246 907 3307 28
931 3265 960 3306 ιι.
984 3245 1036 3309 22.

222 3348 290 3412 aDi
305 3358 337 3412 te
357 3349 532 3432 eradicem,
549 3347 641 3432 Syre,
660 3350 716 3432 qui
731 3370 783 3414 me
803 3349 879 3414 hinc
895 3348 1048 3414 extrudis.
1065 3348 1136 3414 aAt
1150 3353 1187 3414 tu
1201 3351 1257 3433 pol
1271 3347 1332 3414 tibi

222 3452 365 3520 Posthac
389 3455 591 3537 comprimito
613 3456 694 3521 istas
717 3457 846 3522 manus!

492 3585 569 3644 liet
593 3585 622 3644 7.
648 3580 753 3645 Andr.
779 3584 843 3646 240
868 3590 901 3646 et
924 3583 998 3646 244.

244 3685 342 3751 Medo
367 3685 568 3770 Pamphilus,
601 3691 657 3770 qui
680 3691 767 3771 patri
796 3689 830 3752 in
853 3687 924 3753 loro
947 3687 1097 3769 occurrit,
1131 3687 1263 3753 domum
1285 3672 1331 3753 ire

154 3801 189 3859 et
203 3797 331 3877 nuptias
348 3815 419 3858 cum
437 3793 617 3860 Chremetis
633 3794 701 3860 filia
717 3795 825 3861 facere
840 3795 945 3860 iussus
970 3803 1028 3861 est.
1074 3795 1193 3878 Itaque
1215 3816 1333 3879 magna

155 3920 227 3966 oum
250 3899 477 3983 desperatione
509 3902 618 3985 prodit
649 3910 682 3966 et
711 3904 894 3985 inpetrem
921 3904 1004 3966 iram
1026 3901 1164 3967 effundit
1185 3902 1332 3969 versibus

156 4011 319 4072 ato-39.
368 4007 542 4074 Praeclare
573 4008 627 4073 hic
659 4010 893 4073 sententiarum
922 4008 1050 4073 finimus
1081 4015 1217 4092 partem,
1248 4029 1332 4092 quae
1439 4079 1454 4102 ἱ

93 4201 96 4206 ¹
156 4113 198 4179 ab
213 4116 403 4197 insequente
419 4114 501 4179 bene
518 4124 705 4198 segregatur
721 4116 867 4180 clausula
882 4115 1025 4180 Miserum
1047 4137 1103 4188 ure,
1118 4117 1200 4201 quod
1214 4115 1332 4178 cubum

155 4221 265 4284 addin!
286 4219 370 4286 Tum
393 4241 470 4286 vero
485 4220 676 4303 Pamphilus
701 4221 743 4286 ad
759 4220 965 4287 Chremetem
988 4243 1022 4285 se
1046 4227 1235 4288 convertens
1259 4243 1332 4288 eum

155 4327 260 4393 verbis
291 4330 428 4411 castigat
451 4326 595 4393 versibus
620 4331 783 4410 241-44,
816 4350 901 4412 quae
932 4349 1007 4412 pars
1031 4337 1065 4392 et
1086 4331 1158 4412 ipsa
1187 4329 1331 4395 membro

153 4432 243 4500 finali
265 4435 406 4518 graviter
428 4436 603 4500 terminata
626 4444 688 4499 est:
717 4432 855 4513 Quodsi
872 4437 921 4524 fit,
943 4457 1033 4521 pereo
1048 4435 1207 4522 fundite!
