3340 5358
702 1224 730 1288 I.

417 1368 487 1478 llo
525 1399 765 1478 versuum
804 1365 1015 1477 delectu.

215 1564 267 1627 De
284 1564 334 1627 his
347 1565 543 1627 comicorum
554 1571 723 1644 poetarum
740 1561 874 1626 canticis
888 1562 944 1644 qui
956 1560 1102 1626 homines
1114 1562 1202 1626 docti
1213 1562 1303 1628 insti-

127 1666 1303 1753 tueruntquaestionem,eiomnesprimumcarminibusPlautinisoperam

127 1777 294 1841 dederunt.
330 1777 448 1859 Itaque
466 1796 539 1840 cnm
555 1774 642 1857 apud
656 1774 842 1839 Bentleium
858 1776 1059 1838 canticorum
1076 1775 1163 1838 notio
1179 1777 1304 1840 incerta

126 1886 177 1964 sit,
196 1881 237 1948 G.
252 1881 491 1966 Herrnannus1)
505 1881 659 1946 discernit
674 1882 760 1944 inter
772 1880 915 1944 carmina
927 1881 1041 1960 soluta,
1060 1881 1302 1974 aptistrophica,

126 1990 231 2053 soluta
253 1992 354 2053 mixta
377 1987 627 2071 antistrophicis.
673 1985 756 2051 Tum
780 2008 855 2050 vero
878 1988 1015 2051 multum
1037 1987 1245 2070 profecerunt
1272 1999 1305 2054 et

125 2096 330 2178 Bit-schelius,
355 2096 410 2179 qui
426 2098 547 2178 primus
564 2094 691 2158 cantica
708 2093 879 2176 diligenter
894 2095 1056 2177 separavit
1075 2116 1096 2158 a
1111 2095 1303 2179 diverbiis,²)

124 2212 156 2265 et
173 2202 424 2283 Studemundus‚
450 2205 506 2285 qui
520 2203 694 2284 praecipue
719 2199 760 2265 de
781 2222 930 2265 versuum
946 2200 1154 2266 distinctione
1170 2204 1303 2268 meritus

125 2308 212 2394 esti)
267 2309 379 2392 Atque
415 2311 513 2373 etiam
543 2307 683 2389 winter,
720 2306 810 2370 Meta
842 2307 1083 2370 Rccouetractioa
1116 2308 1169 2370 der
1200 2309 1301 2374 Plaut.

126 2415 247 2478 Cantica
280 2419 376 2496 1880,
411 2413 530 2494 Christ,
564 2412 651 2478 Matr.
682 2413 910 2497 Bemcrlcuapea
938 2437 977 2475 zu
1007 2416 1065 2476 den
1100 2413 1223 2478 Cantica
1254 2417 1305 2478 dea

127 2523 252 2582 Plautus
286 2525 381 2601 1871,
418 2519 566 2602 Spengel,
603 2518 905 2605 ltcformcoracltbipe
933 2543 988 2582 zur
1020 2519 1129 2583 Metal
1164 2523 1217 2585 den
1248 2522 1303 2606 lpr.

130 2628 159 2688 V
157 2639 288 2691 coartat
312 2628 357 2690 tet
375 2627 504 2689 Plautia
527 2650 555 2691 a.
580 2627 637 2689 den
660 2626 783 2710 abripere
807 2626 859 2691 lat.
880 2624 1039 2690 Sccnilccra
1058 2631 1155 2709 1882,
1179 2629 1303 2710 aliquid

122 2735 164 2798 ad
179 2744 282 2798 metra
296 2734 519 2814 cognoscenda
535 2733 749 2798 contulerunt.
782 2731 848 2798 Sed
859 2733 912 2797 Fr.
925 2732 1026 2819 Lc04)
1040 2756 1111 2799 cum
1128 2743 1302 2800 metrorum

122 2842 268 2922 exempla
298 2842 492 2922 investigare
517 2848 699 2920 conaretur,
727 2842 867 2923 primum
894 2839 1025 2922 quidem
1048 2842 1180 2923 lyricam
1203 2841 1302 2906 Plan-

122 2950 223 3010 tinam
258 2955 405 3011 evetere
437 2947 604 3010 comoedia
628 2944 758 3010 Graeca
791 2946 935 3010 derivare
967 2949 1077 3011 voluit.
1123 2946 1302 3030 Postquam

123 3075 198 3116 vero
223 3074 352 3117 carmen
376 3052 457 3116 illud
474 3050 718 3116 celeberrimum
737 3049 995 3117 Grenlellianum
1019 3075 1120 3137 nuper
1138 3055 1303 3119 inventum

122 3159 164 3222 ad
177 3161 359 3223 scaenicum
371 3165 474 3223 artem
487 3160 613 3240 aetatis,
628 3178 712 3240 quae
725 3168 867 3240 vocatur,
881 3159 1126 3224 Alexandrinae
1142 3161 1303 3242 pertinere

121 3266 427 3347 compositionisque
463 3267 583 3348 lyricae
624 3264 700 3328 inde
736 3263 777 3328 ab
812 3264 993 3346 Euripidea
1028 3275 1097 3330 arte
1133 3287 1303 3348 processus

121 3373 372 3436 luculentissime
389 3373 548 3435 illustrare
566 3371 746 3434 docuerunt
765 3379 798 3434 et
813 3371 1061 3458 Wilamowitnl)
1078 3381 1110 3437 et
1127 3371 1303 3458 Orosius),

122 3479 191 3542 Leo
204 3479 371 3542 Plautinas
384 3478 569 3541 comoedias
584 3477 688 3542 denuo
703 3479 735 3541 in
749 3479 970 3560 quaestionem
984 3479 1150 3565 vocavit.⁷)
1173 3480 1302 3563 Itaque,

123 3607 194 3649 cum
219 3606 320 3667 usque
344 3584 387 3649 ad
409 3584 442 3648 id
468 3592 593 3665 tempus
619 3587 652 3646 in
674 3584 817 3648 diversas
834 3584 974 3649 abierint
996 3595 1105 3668 partes
1122 3588 1181 3650 riri
1205 3587 1300 3668 docti,

122 3695 213 3756 cuius
242 3692 422 3774 exemplum
449 3700 548 3773 poeta
579 3691 612 3753 in
636 3692 746 3754 metris
779 3691 957 3756 scribendis
981 3701 1110 3756 secutus
1142 3695 1193 3773 sit,
1218 3716 1303 3758 nunc

256 3868 300 3920 De
319 3869 432 3922 canticis
452 3869 479 3920 in
498 3867 686 3922 Romanorum
707 3867 807 3921 fabulis
827 3870 932 3935 (opusc.
946 3867 961 3918 Ι
975 3869 1047 3937 290).

257 3956 325 4010 llius.
339 3955 428 4010 Rhen.
442 3955 541 4010 XXVI
554 3958 605 4010 599
613 3975 671 4025 sqq.
685 3953 802 4010 XXVII
816 3957 931 4024 lddsqq.
944 3982 976 4002 ι-
988 3956 1087 4026 Opusc.
1102 3956 1150 4012 III
1164 3959 1244 4026 lsqq.

217 3871 237 3936 ¹)

216 3959 238 4024 2)

217 4045 302 4114 1)1)ε
322 4046 435 4098 canticis
454 4045 595 4098 Plautinis.
633 4043 707 4100 Dias.
726 4044 793 4098 Hal.
815 4045 892 4098 1884.

217 4135 239 4202 ⁴)
259 4134 327 4192 Ilus,
342 4134 431 4188 Rhen.
444 4133 495 4186 XL
511 4135 638 4203 ldlsqq.;
659 4135 694 4188 cl.
708 4133 836 4187 Bursiani
855 4136 945 4187 annal.
960 4133 1086 4188 XLVIII
1101 4137 1161 4195 lea,

216 4225 238 4291 ⁶)
258 4223 362 4277 Naclir.
376 4222 403 4277 d.
417 4221 493 4277 eutr.
508 4221 569 4278 Ges.
585 4224 653 4277 1896
672 4241 699 4291 p.
713 4223 776 4276 ael.

217 4314 239 4379 θ)
259 4312 420 4380 Philologus
438 4310 491 4364 ΙΝ
510 4313 570 4369 384,

218 4402 238 4468 ⁷)
257 4400 314 4454 Dic
333 4400 455 4454 Plautia.
475 4399 597 4454 Cantica.
617 4399 710 4452 Berol.
731 4401 809 4466 1897,
834 4400 967 4455 uitandi.
988 4401 1035 4454 der
1057 4401 1153 4471 tonia.
1174 4401 1235 4456 (ἴω.
1255 4401 1303 4454 der

130 4489 289 4543 Wtsscaeclt.
308 4505 343 4542 aa
362 4487 507 4559 Glittiopcn
526 4508 551 4542 n.
572 4507 591 4541 s.
612 4489 667 4542 vol.
688 4486 704 4540 I
725 4489 793 4541 fasc.
814 4490 839 4540 7.
