3340 5358
882 535 1101 596 ..14-

404 732 501 776 unam
533 709 847 792 comprehendantur
881 708 1058 792 periodum,
1094 729 1177 791 qnae
1212 711 1372 792 integram
1402 714 1583 776 sententiae

404 823 529 900 partem
546 816 687 881 efficiens
703 816 829 881 hiatum
852 815 994 880 admittit
1016 817 1050 879 in
1074 815 1146 880 fine.

494 921 700 1007 Quamquam
715 943 790 988 vero
814 923 884 986 fieri
907 943 971 987 non
990 927 1108 1006 potest,
1132 932 1169 986 ut
1187 921 1358 987 dimetrum
1378 922 1582 990 trochaicum

403 1034 438 1095 in
476 1030 646 1096 comoedia
682 1051 767 1095 nova
805 1027 1005 1095 Graecorum
1043 1050 1276 1112 persequamur
1311 1069 1352 1076 -
1388 1051 1463 1094 nam
1502 1031 1582 1096 nihil

404 1137 558 1202 traditum
581 1139 764 1219 accepimus
788 1138 849 1200 nisi
873 1136 938 1200 dno
962 1135 1034 1200 cola
1056 1138 1090 1200 in
1115 1134 1224 1218 adesp.
1249 1140 1327 1199 781:

617 1241 652 1306 τὸ
676 1242 782 1328 βδόλον
806 1241 834 1304 δ’
848 1241 902 1304 οὐκ
926 1240 1003 1306 ἔστιν
1026 1243 1090 1324 ἥτις

619 1347 663 1433 ῥὶς
686 1351 847 1432 ὑποστῆναι
870 1343 976 1412 δύναιτ’
1006 1345 1050 1426 ἄν,

405 1463 514 1522 tamen
533 1458 685 1540 proclivis
709 1464 759 1520 est
774 1457 960 1522 coniectura
976 1456 1094 1520 similia
1110 1455 1321 1520 dimetrornm
1344 1459 1437 1538 paria
1452 1461 1582 1540 saepius

404 1567 438 1628 in
476 1563 594 1628 fabulis
629 1561 765 1628 Graecis
800 1562 900 1627 fuisse
935 1561 1080 1627 adhibita
1114 1562 1253 1645 indeque
1292 1571 1405 1645 poetas
1441 1567 1582 1629 comicos

404 1669 570 1736 Romanos
594 1671 795 1735 octonarium
825 1690 917 1734 suum
947 1668 1146 1734 trochaicum
1171 1667 1333 1734 effinxisse
1364 1679 1396 1733 et
1428 1693 1466 1734 ex
1490 1691 1581 1734 more

406 1799 463 1843 sno
477 1798 541 1842 non
553 1779 658 1842 minus
671 1781 809 1862 στιχικῶς
826 1774 1022 1856 adhibuisse,
1039 1797 1137 1858 quam
1153 1776 1352 1840 trochaicum
1365 1780 1584 1858 septenarium

406 1891 438 1950 et
460 1883 636 1949 iambicum
659 1885 870 1964 octonarium,
894 1883 956 1948 hoc
979 1903 1043 1947 uno
1070 1883 1252 1947 discrimine
1276 1893 1411 1966 serrato,
1434 1885 1584 1950 utillum

405 2011 533 2056 versum
562 1991 596 2054 in
620 1988 766 2054 diverbia
797 2009 862 2053 non
889 1989 1106 2054 admitterent.
1152 1989 1238 2054 Nam
1269 1998 1304 2053 ut
1334 1993 1366 2054 in
1397 1991 1584 2056 comoediae

405 2098 561 2180 palliatae
585 2095 779 2162 carminibus
811 2117 876 2160 non
898 2095 1070 2160 mediocris
1103 2101 1152 2160 est
1182 2095 1277 2161 huius
1301 2099 1393 2160 metri
1418 2119 1505 2178 usus,
1536 2100 1584 2161 ita

406 2203 493 2288 apud
516 2203 669 2268 Plautum
693 2208 727 2267 et
741 2202 929 2269 Terentium
950 2203 1040 2267 nulla
1063 2211 1169 2266 exstat
1193 2223 1319 2285 scaena,
1344 2225 1427 2287 quae
1451 2210 1520 2270 tota
1545 2225 1584 2268 ex

407 2331 445 2378 eo
460 2332 554 2376 versu
579 2316 713 2376 constet.
759 2310 865 2374 Immo
889 2318 923 2374 et
937 2308 1133 2375 Conradtius
1155 2309 1200 2394 (p.
1219 2311 1275 2394 23)
1301 2313 1427 2394 egregie
1451 2311 1584 2376 demon-

407 2420 521 2484 stravit
551 2417 638 2500 apud
661 2416 848 2482 Terentium
878 2416 1060 2482 trochaicae
1084 2417 1267 2482 octonarios
1299 2419 1360 2484 nisi
1390 2419 1423 2482 in
1448 2420 1586 2482 canticis

408 2546 473 2590 non
505 2543 673 2589 occurrere
702 2528 735 2587 et
762 2521 930 2596 Bentleius
958 2523 1003 2588 ad
1024 2523 1129 2588 Andr.
1145 2523 1183 2588 H
1202 2528 1282 2604 1,7;
1314 2523 1453 2589 HunII
1477 2529 1585 2606 1,12;

408 2631 474 2696 Ad.
501 2629 540 2695 Π
570 2633 657 2711 1,11
694 2629 803 2694 docuit
838 2651 893 2696 eos
929 2650 1056 2713 semper
1090 2651 1163 2694 cum
1198 2628 1342 2694 versibus
1377 2630 1590 2711 sequentibus
1647 2637 1648 2640 ’

409 2738 562 2822 coniungi
585 2739 798 2803 continuitate
822 2739 957 2818 numeri,
988 2745 1034 2818 ut,
1067 2737 1127 2800 etsi
1150 2733 1269 2816 singuli
1298 2755 1358 2816 per
1388 2755 1422 2798 se
1446 2743 1587 2816 exsmnt,

409 2855 518 2912 tamen
539 2852 577 2928 τῇ
600 2842 746 2929 συναφείᾳ
769 2865 843 2908 cnm
865 2852 1018 2925 sequente
1041 2843 1223 2923 septenario
1244 2840 1387 2923 copulati
1402 2845 1589 2924 systematis
1646 2889 1647 2896 ι

410 2949 574 3035 quoddam
596 2972 696 3034 genus
720 2949 870 3031 efficiant,
899 2949 1022 3013 scilicet
1044 2946 1254 3019 dimetrorum
1278 2948 1446 3030 plenorum
1470 2950 1589 3014 seriem
1646 2953 1647 2999 ἴ

409 3060 442 3121 in
466 3057 638 3122 dimetrum
661 3056 886 3122 catalecticum
909 3065 1089 3120 exeuntem.
1298 3039 1300 3043 ⁸

499 3151 660 3247 Sequitur,
693 3173 728 3228 ut
750 3163 907 3230 trochaici
930 3163 1088 3228 octonarii
1116 3165 1183 3226 sive
1206 3182 1288 3224 unns
1313 3162 1378 3224 sive
1404 3163 1586 3243 complures

409 3273 589 3338 continuati
612 3271 826 3336 terminentur
848 3279 905 3335 aut
927 3268 1109 3353 septenario
1134 3265 1315 3331 trochaico:
1645 3297 1646 3349 p

499 3383 521 3442 4
543 3381 604 3442 oct.
618 3377 660 3462 -l-
673 3386 753 3460 sept.
776 3375 907 3440 Phorm.
924 3378 999 3456 465,
1024 3377 1104 3452 735;
1130 3377 1148 3436 3
1167 3381 1227 3438 oct.
1239 3371 1284 3460 A·
1295 3379 1375 3456 sept
1391 3373 1493 3438 Haut.
1511 3379 1587 3453 530,

410 3484 493 3550 Hec.
512 3487 587 3563 289,
605 3487 683 3562 531;
710 3487 729 3545 2
746 3481 863 3569 oct-l·
875 3489 955 3563 sept.
973 3479 1055 3544 Eun.
1073 3483 1147 3561 553,
1164 3479 1297 3545 Phorm.
1314 3483 1391 3562 479,
1410 3479 1493 3545 Hec.
1512 3483 1589 3561 516,

412 3594 485 3673 522,
502 3593 580 3670 526;
606 3597 667 3652 oct.
680 3586 724 3674 -l-
737 3591 816 3670 sept.
837 3586 942 3652 Andr.
960 3589 1034 3669 247,
1051 3590 1125 3668 305,
1149 3587 1253 3652 Haut.
1275 3590 1349 3669 175,
1366 3590 1441 3669 572,
1457 3586 1588 3651 Phorm.

412 3701 486 3777 ιιι,
510 3695 593 3763 Hoc.
619 3699 693 3777 ιιι,
718 3698 792 3777 613,
817 3696 891 3776 ere,
916 3697 990 3777 841,
1014 3697 1089 3774 847,
1115 3693 1179 3758 Ad.
1205 3697 1281 3774 roc,
1306 3697 1380 3775 ica,
1408 3697 1480 3756 ιιι.

500 3811 555 3868 aut
579 3801 722 3866 clausula
745 3799 925 3868 trochaica:
1012 3849 1015 3856 .

500 3914 520 3972 8
544 3915 605 3974 oct.
621 3906 665 3994 -l-
681 3909 823 3974 clausula
851 3907 935 3974 Eun.
960 3909 1041 3988 7393
1074 3917 1135 3972 oct.
1151 3904 1195 3992 ἦ»
1211 3907 1356 3970 clausula
1380 3906 1485 3970 Andr.
1511 3911 1585 3987 245,
1643 3981 1644 3994 .

410 4015 541 4082 Phorm.
568 4018 642 4078 728.
1643 4009 1644 4046 r

501 4119 727 4205 Septenarium
759 4129 867 4186 autem
893 4121 985 4186 illurn
1013 4119 1222 4203 trochaicum,
1257 4123 1315 4203 qui
1347 4123 1587 4186 octonariorum

411 4248 525 4313 agmen
549 4227 680 4310 claudit,
705 4230 826 4312 excipit
849 4236 905 4292 ant
927 4225 1084 4292 iambicus
1108 4228 1308 4292 octonarius:

500 4340 520 4400 3
537 4343 599 4401 oct.
611 4334 656 4422 -Ι-
668 4341 747 4420 sept.
759 4333 912 4421 -l-iamb.
923 4339 985 4400 oct.
1008 4332 1110 4400 Haut
1128 4337 1202 4416 567,
1225 4333 1309 4398 Eun.
1326 4338 1406 4416 ele,
1432 4338 1451 4398 2
1469 4343 1530 4399 oct.
1542 4333 1588 4418 -l-

412 4441 664 4530 aptat-lamb.
696 4451 758 4508 oct.
790 4441 874 4506 Eun.
905 4445 980 4522 216,
1013 4444 1088 4520 643,
1125 4443 1198 4522 654,
1232 4439 1366 4504 Phorm.
1401 4443 1475 4522 153,
1507 4443 1586 4521 730,
