3340 5358
119 725 191 806 ipso
214 722 343 787 fabulae
369 727 556 805 argumento
575 721 655 784 solvi
671 719 949 802 additamentique
967 723 1164 784 extrinsecus
1186 720 1293 802 agglu-

118 832 214 894 tinati
242 832 311 894 rice
339 829 429 910 fungi
457 849 551 890 nemo
581 829 693 906 nescit,
731 847 803 890 cum
835 829 957 890 numeri
986 829 1147 908 gravitate
1177 827 1295 890 veteris
1392 853 1398 868 ·

119 940 262 1002 musicae
286 936 444 1001 dissoluta
467 935 500 998 in
526 936 714 999 varietatem
739 941 773 998 et
795 936 961 998 licentiam
986 931 1136 997 diffluant
1160 954 1294 1016 earnque

120 1044 161 1109 oh
186 1065 316 1108 causam
341 1045 486 1106 carmina
507 1041 683 1106 amoebaea
707 1047 740 1104 et
763 1041 934 1106 monodise
951 1041 1047 1104 latius
1071 1040 1295 1112 extendantur,

119 1161 154 1214 ut
178 1151 395 1232 pulcherrime
420 1149 526 1213 elucet
550 1171 590 1213 ex
612 1144 714 1213 Arist.
738 1147 840 1230 probl.
864 1146 959 1211 XIX
974 1151 1027 1210 15:
1054 1148 1081 1209 οἱ
1106 1145 1292 1230 διθύραμβοι,

121 1255 225 1339 ἐπειδὴ
244 1253 396 1338 μιμητικοὶ
414 1254 560 1338 ἐγένοντο,
586 1254 685 1316 οὐκέτι
710 1252 830 1339 ἔχουσιν
851 1253 1069 1338 ἀντιστρόφους,
1095 1254 1236 1337 πρότερον
1261 1251 1294 1315 δὲ

120 1361 212 1448 εἶχον.
232 1357 324 1425 αἴτιον
346 1360 379 1424 δὲ
404 1363 448 1424 ὅτι
472 1360 505 1423 τὸ
521 1359 646 1423 παλαιὸν
671 1363 697 1422 οἱ
715 1359 868 1444 ἐλεύθεροι
892 1361 1035 1445 ἐχόρευον
1053 1358 1146 1422 αὐτοί·
1167 1356 1293 1429 πολλοὺς

120 1468 171 1530 οὖν
204 1470 403 1552 ἀγωνιστικῶς
435 1461 517 1551 ᾅδειν
541 1465 672 1554 χαλεπὸν
696 1467 741 1550 ἦν,
780 1469 857 1529 ὥστε
882 1466 1044 1550 εὐαρμόνια
1077 1467 1151 1550 μέλη
1177 1467 1292 1550 ἐνῄὂον,

120 1573 314 1660 μεταβάλλειν
331 1571 386 1658 γὰρ
410 1570 520 1644 πολλὰς
545 1570 712 1658 μεταβολὰς
735 1577 778 1658 τῷ
803 1571 844 1634 ἑνὶ
869 1573 940 1656 ῥᾷον
964 1575 983 1654 τ’,
1007 1575 1068 1643 τοῖς
1091 1575 1219 1650 πολλοῖς,
1246 1571 1294 1634 καὶ

118 1687 161 1766 τῷ
186 1682 333 1764 ἀγωνιστῇ
356 1685 375 1763 ἢ
400 1682 461 1750 τοῖς
491 1678 525 1743 τὸ
557 1680 631 1764 ἦθος
656 1678 860 1765 φυλάττουσιν.
891 1678 936 1742 διὸ
961 1679 1148 1764 ἁπλούστερα
1176 1679 1295 1742 ἐποίουν

120 1788 220 1858 αὐτοῖς
242 1784 279 1850 τὰ
304 1787 388 1870 μέλη,
414 1789 433 1869 ἡ
459 1785 492 1848 δὲ
517 1787 708 1871 ἀντίστροφος
725 1787 845 1848 ἁπλοῦν.
873 1785 998 1870 ἀριθμὸς
1015 1785 1069 1870 γάρ
1094 1787 1155 1848 ἐστι
1179 1785 1228 1848 καὶ
1252 1784 1294 1848 ἑνὶ

121 1895 277 1978 μετρεῖται.
308 1892 341 1955 τὸ
371 1891 471 1955 δἀὐτὸ
501 1888 594 1954 αἴτιον
622 1891 671 1954 καὶ
697 1893 770 1954 διότι
797 1889 834 1955 τὰ
863 1889 916 1974 μὲν
945 1891 1001 1954 ἀπὸ
1025 1898 1078 1975 τῆς
1107 1899 1216 1976 σκηνῆς
1241 1893 1295 1954 οὐκ

120 1999 307 2084 ἀντίστροφα,
333 1995 370 2061 τὰ
395 1996 428 2060 δὲ
451 2003 504 2061 τοῦ
528 2004 621 2084 χοροῦ
647 1998 834 2084 ἀντίστροφα.

208 2125 326 2207 Itaque
359 2126 501 2188 cannina
533 2125 588 2188 illa
619 2130 694 2207 post
724 2123 894 2206 Euripidis
926 2129 1064 2188 mortem
1095 2145 1155 2206 pro
1178 2130 1293 2205 poetae

119 2233 310 2296 auctoritate
334 2233 437 2314 magis
469 2252 619 2300 scaenam
651 2251 826 2313 occupasse
851 2240 883 2294 et
911 2230 1079 2294 Plautinas
1112 2229 1294 2296 comoedias

118 2338 203 2402 hunc
221 2359 408 2420 processum
436 2338 598 2401 adfinem
626 2338 802 2419 perducere
830 2359 923 2401 nemo
948 2336 1067 2402 infitias
1098 2339 1144 2400 iro
1175 2343 1292 2418 potest.

117 2444 247 2526 Exque
260 2443 409 2525 efficitur,
421 2442 601 2507 utPlautus
614 2464 687 2508 cum
696 2464 797 2508 norae
811 2443 998 2507 comoediae
1009 2441 1156 2508 Graecae
1169 2443 1293 2508 ratione

119 2551 278 2616 rationem
291 2553 470 2614 carminum
481 2547 682 2614 Graecorum
694 2550 848 2632 temporis
862 2552 910 2614 sui
918 2550 1068 2614 videatur
1079 2552 1292 2616 coniunxisse.

210 2674 276 2741 Sed
300 2678 428 2740 cantica
442 2675 597 2740 Plautina
620 2684 653 2739 et
668 2674 866 2740 Terentiana
881 2677 1024 2758 legentes
1048 2681 1081 2740 et
1097 2677 1199 2740 altera
1222 2698 1295 2740 cum

120 2784 229 2847 alteris
265 2791 488 2865 comparantes
519 2785 683 2864 miramur,
719 2791 918 2865 quantopere
950 2782 1034 2846 inter
1068 2804 1102 2848 so
1137 2782 1295 2847 differant.

119 2885 206 2953 Nam
231 2909 303 2952 cum
327 2889 413 2971 apud
429 2888 581 2953 Plautum
605 2890 746 2953 maxima
760 2895 937 2954 metrorum
960 2889 1134 2971 lyricorum
1158 2889 1295 2953 varietas

120 3005 153 3058 et
187 3015 394 3059 numerorum
430 2994 628 3059 abundantia
663 2996 956 3078 deprehendantur,
992 2995 1079 3079 apud
1108 2995 1296 3060 Terentium

120 3101 339 3166 memorabilis
363 3102 526 3165 invenitur
548 3103 746 3186 simplicitas,
771 3124 853 3184 quae
871 3125 935 3167 non
960 3106 1022 3167 nisi
1037 3125 1160 3186 paucos
1183 3125 1295 3167 versus

120 3229 297 3291 paucorum
318 3208 538 3291 rhythmorum
554 3211 696 3273 variatos
722 3211 876 3274 continet.
915 3209 1147 3275 Verumtamen
1164 3209 1296 3274 Terenti

120 3317 317 3379 canticorum
345 3317 493 3397 quaestio
521 3315 708 3380 aderitum
737 3321 860 3380 certum
883 3316 1026 3380 nondum
1056 3325 1205 3398 promota
1237 3321 1295 3380 est.

121 3418 328 3503 Quamquam
351 3424 437 3485 enim
452 3421 649 3487 Oonradtius
667 3422 707 3486 de
724 3422 958 3504 distinguendis
976 3423 1102 3488 stichici
1126 3428 1159 3487 et
1180 3426 1296 3487 mutati

120 3530 246 3610 generis
261 3527 405 3592 versibus
422 3530 543 3609 optime
558 3529 725 3609 iudicavit,
742 3534 851 3593 tamen
867 3531 901 3593 in
917 3528 1101 3594 definienda
1117 3532 1295 3594 carminum

120 3636 353 3716 compositione
379 3633 433 3721 (cf.
452 3643 551 3716 caput
566 3619 636 3720 ΙΙΙ)
662 3657 727 3698 non
743 3638 848 3700 minus
865 3635 991 3700 ridetur
1007 3639 1171 3717 erravisse,
1197 3658 1295 3719 quam

120 3740 357 3827 Meissnerus.¹)
404 3741 535 3804 Etenim
553 3749 686 3823 uterque
703 3743 752 3806 vir
768 3742 882 3806 doctus
906 3742 968 3807 sibi
990 3745 1151 3825 persuasit
1167 3746 1296 3808 cantica
1373 3765 1376 3770 ·

118 3847 282 3929 tripertita
314 3868 394 3912 esse.
447 3846 514 3913 Sed
546 3869 619 3912 cum
650 3846 847 3912 Oonradtius
883 3849 1043 3932 strophas,
1075 3850 1293 3932 antistrophas

120 3956 204 4018 inter
235 3974 269 4017 se
292 3953 534 4037 respondentes,
564 3954 687 4036 epodos
710 3953 883 4035 discernat,
915 3953 1112 4020 Meissnerus
1141 3956 1237 4021 docet
1260 3959 1294 4020 in

119 4062 254 4124 canticis
289 4062 339 4124 vel
371 4082 470 4124 unum
504 4067 644 4145 systema
678 4063 728 4125 rel
764 4062 931 4144 complura
966 4071 1143 4146 systemata
1178 4063 1295 4146 dispici

120 4166 279 4250 strophas,
311 4166 472 4249 mesodos,
504 4169 724 4250 antistrophas
756 4171 963 4233 continentia.
1019 4167 1111 4252 Quae
1143 4191 1216 4234 cum
1246 4173 1294 4234 ita

211 4381 232 4448 ¹)
251 4377 391 4443 Mensam,
410 4379 466 4434 Dic
485 4378 601 4435 Cantica
619 4379 666 4435 des
689 4381 790 4435 Terent
808 4379 865 4435 suad
884 4381 944 4435 ihre
963 4381 1128 4452 Elnrythmie
1148 4381 1292 4449 (Fleckeis.

120 4467 210 4520 annal.
229 4468 319 4536 suppl.
339 4466 418 4537 ΧΠ).
