3340 5358
606 535 827 596 „31-

578 713 630 774 31.
655 709 757 774 Andr.
783 715 857 774 636.

126 816 192 882 duo
205 816 435 900 hypodechmii
447 814 529 900 Quis
553 813 637 881 tu’s?
662 818 734 899 quis
757 817 836 881 mihi
860 814 916 882 es?
940 821 1023 901 quur
1046 839 1151 883 meam
1174 817 1242 882 tibi.

124 921 222 988 iamb.
247 923 323 987 dim.
445 922 548 1003 Heus,
573 927 748 1006 prdxumus
771 944 842 988 sum
866 927 995 1006 egomet
1017 923 1105 990 mihi.

123 1029 238 1095 bacch.
261 1038 387 1094 tetram.
445 1029 615 1095 Attamen
634 1028 709 1110 „uhi
724 1027 847 1095 fides?“
871 1032 899 1107 si
913 1033 1017 1113 roges,
1041 1030 1088 1094 nil
1102 1030 1226 1114 pudent
1240 1031 1303 1096 hic.

216 1135 336 1202 Versus
361 1139 425 1200 636
441 1137 529 1202 66116
544 1137 642 1202 modo
660 1136 797 1202 dimeter
816 1136 992 1204 iambicus:

194 1240 275 1326 Quis
300 1240 384 1308 tu’s?
408 1245 479 1327 quis
502 1239 597 1308 mi's?
621 1264 703 1326 quer
718 1247 824 1307 meam
839 1241 922 1308 tihi?

124 1351 191 1434 legi
205 1355 315 1434 petest
332 1389 373 1397 —-
389 1351 437 1415 ita
456 1353 542 1414 enim
558 1352 674 1414 iterum
691 1350 868 1414 clausulam
884 1360 957 1433 post
973 1350 1151 1416 clausulam
1169 1350 1303 1416 habere·

124 1479 197 1522 mus
221 1496 263 1504 -
288 1456 345 1522 sed
374 1466 503 1523 constat
533 1454 660 1522 duobus
683 1455 938 1540 hypodochmiis‚
972 1459 1028 1540 qui
1052 1457 1139 1540 apud
1163 1459 1303 1522 comicos

124 1563 291 1630 Romanos
331 1566 517 1648 saepissime
557 1564 684 1630 creticis
723 1562 868 1628 versibus
911 1564 1048 1630 admixti
1089 1565 1302 1648 reperiuntur.

124 1671 277 1754 Exempli
297 1673 403 1753 gratia
425 1671 573 1735 conferas
589 1670 700 1736 Plauti
714 1669 836 1735 Bacch.
856 1674 935 1750 6433
959 1670 1056 1735 Most.
1082 1673 1161 1750 3153
1185 1669 1303 1735 Pseud.

128 1781 348 1859 16661366.

214 1883 291 1949 Huc
322 1884 483 1949 accedunt
519 1885 581 1948 tria
611 1882 765 1965 membra,
802 1904 884 1965 quae
919 1885 952 1947 in
984 1885 1076 1949 initio
1109 1893 1238 1949 exstant
1272 1894 1305 1950 et

125 1993 245 2056 cantici
269 1999 301 2055 et
324 2012 475 2056 scaenae:

378 2183 380 2188 η
585 2097 844 2162 semensas.

122 2203 220 2271 iamb.
245 2215 323 2288 sept.
347 2205 423 2270 Nou
446 2208 611 2282 temerest3
636 2213 669 2269 et
691 2209 867 2288 properans
884 2205 984 2268 venit:
1011 2209 1119 2269 nescio
1140 2205 1219 2286 quid
1241 2206 1302 2270 cir·

448 2313 658 2395 cumspectat.

124 2419 229 2483 trech.
247 2439 332 2482 mon.
356 2395 515 2484 abscidi!

127 2525 225 2589 iamb.
251 2531 310 2589 oct.
356 2523 472 2607 Neque
504 2530 625 2608 sugast
659 2545 796 2608 usquam
830 2527 933 2607 neque
970 2546 1037 2607 ege,
1075 2525 1130 2607 qui
1163 2525 1252 2589 illam
1286 2547 1306 2590 a

448 2636 624 2714 cdnspectu
647 2631 741 2697 amisi
763 2653 844 2695 meo.

568 2743 619 2802 33.
640 2737 771 2804 Phorm.
795 2740 868 2802 485.

126 2845 228 2909 trech.
253 2855 332 2928 sept.
356 2845 543 2910 dPhaedria
566 2844 625 2910 tibi
649 2843 749 2909 adest.
779 2843 867 2908 ani
891 2842 988 2908 nam?
1019 2845 1164 2909 31616666]
1186 2843 1226 2908 ah
1243 2849 1302 2908 sua

445 2951 613 3034 palaestra
636 2950 820 3016 exitiosas.

124 3057 229 3122 trech.
247 3077 331 3121 mon.
354 3056 492 3138 mario,

124 3162 222 3228 iamb.
249 3169 309 3228 oct.
355 3162 447 3228 Audi
471 3163 614 3229 ebsecro.
661 3165 760 3230 cnon
784 3165 890 3230 audio.
937 3165 1149 3248 2Pau'1mper.
1189 3163 1300 3249 2an

448 3275 560 3336 omitte
583 3293 645 3336 me.

619 3382 671 3443 34.
696 3379 762 3443 Ad.
788 3384 863 3443 eru.
1128 3454 1129 3458 Ν

125 3485 221 3550 iamb.
245 3493 305 3548 oct.
351 3484 419 3548 dEt
450 3489 538 3550 recte
562 3491 595 3550 66
617 3507 728 3551 verum
751 3485 841 3551 dicis.
874 3484 1041 3567 dSequere
1064 3507 1115 3549 me
1139 3489 1215 3568 ergo
1238 3485 1301 3550 hac

445 3592 542 3656 intro.
579 3592 762 3658 dMaxume.

125 3699 219 3762 colen
242 3698 326 3763 dact.
352 3698 542 3764 Discrucidr
565 3701 678 3764 auimi:
712 3752 714 3756 ,

124 3804 307 3870 Reizianus.
354 3805 483 3870 Hocine
508 3805 548 3868 de
571 3808 734 3888 inprovise
749 3807 834 3870 mali
857 3804 936 3870 mihi
960 3805 1045 3870 obici
1069 3814 1204 3870 tantum.

214 3907 264 3976 Gi.
287 3912 340 3975 Fr.
365 3911 444 3993 Lac,
468 3911 530 3975 Die
553 3911 656 3975 Plura.
682 3911 804 3974 Cantica
849 3933 882 3994 p.
906 3914 1004 3994 45sq.

214 4017 332 4100 Itaque
359 4019 522 4102 quomodo
555 4017 718 4083 clausulae
746 4017 788 4083 ab
820 4018 921 4083 altero
945 4018 1087 4102 rhythmi
1109 4039 1227 4101 genere
1259 4019 1301 4083 ad

125 4127 261 4190 alterum
273 4125 496 4206 transducant,
514 4127 766 4190 examinavimus
783 4131 817 4188 et
829 4124 972 4190 sedecim
987 4145 1061 4191 cum
1073 4147 1168 4190 versu
1183 4127 1300 4208 priore,

124 4231 309 4313 quindecim
326 4251 398 4297 cum
414 4229 561 4296 versibus
585 4241 618 4296 66
633 4235 812 4314 posteriore
829 4241 861 4296 66
876 4233 982 4314 priore
998 4252 1131 4297 numero
1148 4234 1300 4298 continuo

124 4340 313 4404 coniunctas
337 4360 407 4403 esse
427 4336 575 4402 vidimus.
621 4337 749 4420 Restat,
774 4347 810 4402 ut
833 4338 875 4403 ad
899 4339 1132 4404 sententiarum
1155 4337 1301 4403 ordinem

124 4447 267 4510 animum
290 4444 506 4538 attendamus.
552 4444 638 4511 Nam
661 4445 741 4511 lucis
765 4444 922 4530 ambiguis
940 4447 1168 4526 controversia,
1194 4453 1300 4510 utrum

1104 4551 1139 4604 3*
